<TICKER>;<PER>;<DATE>;<TIME>;<LAST>;<VOL>
RU000A0JXQ93;0;20190103;111246;104.340000000;30
RU000A0JXQ93;0;20190103;111246;104.350000000;60
RU000A0JXQ93;0;20190103;111525;104.350000000;1
RU000A0JXQ93;0;20190103;115135;104.340000000;2
RU000A0JXQ93;0;20190103;121710;104.310000000;12
RU000A0JXQ93;0;20190103;121719;104.300000000;15
RU000A0JXQ93;0;20190103;122140;104.330000000;12
RU000A0JXQ93;0;20190103;122140;104.340000000;5
RU000A0JXQ93;0;20190103;122140;104.340000000;20
RU000A0JXQ93;0;20190103;122140;104.350000000;13
RU000A0JXQ93;0;20190103;125441;104.350000000;1
RU000A0JXQ93;0;20190103;133140;104.300000000;72
RU000A0JXQ93;0;20190103;133857;104.300000000;2
RU000A0JXQ93;0;20190103;134556;104.300000000;1
RU000A0JXQ93;0;20190103;144350;103.900000000;1
RU000A0JXQ93;0;20190103;152032;103.900000000;1
RU000A0JXQ93;0;20190103;152255;104.300000000;6
RU000A0JXQ93;0;20190103;152912;104.300000000;352
RU000A0JXQ93;0;20190103;162555;104.350000000;13
RU000A0JXQ93;0;20190103;165723;104.350000000;10
RU000A0JXQ93;0;20190103;173931;104.350000000;1
RU000A0JXQ93;0;20190103;180149;104.350000000;35
RU000A0JXQ93;0;20190103;181122;103.930000000;12
RU000A0JXQ93;0;20190103;181122;103.920000000;40
RU000A0JXQ93;0;20190103;184257;104.340000000;1
RU000A0JXQ93;0;20190104;112427;104.290000000;11
RU000A0JXQ93;0;20190104;112427;104.300000000;62
RU000A0JXQ93;0;20190104;115646;104.300000000;7
RU000A0JXQ93;0;20190104;120628;104.300000000;2
RU000A0JXQ93;0;20190104;122700;104.300000000;15
RU000A0JXQ93;0;20190104;142055;104.300000000;10
RU000A0JXQ93;0;20190104;143328;104.300000000;10
RU000A0JXQ93;0;20190104;144310;103.550000000;10
RU000A0JXQ93;0;20190104;151032;104.290000000;1
RU000A0JXQ93;0;20190104;151731;104.290000000;9
RU000A0JXQ93;0;20190104;151731;104.290000000;23
RU000A0JXQ93;0;20190104;155623;104.290000000;20
RU000A0JXQ93;0;20190104;163647;104.290000000;15
RU000A0JXQ93;0;20190104;172529;104.290000000;42
RU000A0JXQ93;0;20190104;172529;104.300000000;8
RU000A0JXQ93;0;20190104;172556;104.300000000;2
RU000A0JXQ93;0;20190104;173300;104.300000000;45
RU000A0JXQ93;0;20190104;175200;104.300000000;4
RU000A0JXQ93;0;20190104;182534;104.300000000;5
RU000A0JXQ93;0;20190108;102641;103.420000000;26
RU000A0JXQ93;0;20190108;102718;103.420000000;9
RU000A0JXQ93;0;20190108;104117;104.340000000;26
RU000A0JXQ93;0;20190108;104117;104.340000000;21
RU000A0JXQ93;0;20190108;110154;104.330000000;9
RU000A0JXQ93;0;20190108;110154;104.340000000;9
RU000A0JXQ93;0;20190108;110154;104.350000000;12
RU000A0JXQ93;0;20190108;111453;104.010000000;12
RU000A0JXQ93;0;20190108;111453;104.000000000;1
RU000A0JXQ93;0;20190108;111453;103.500000000;4
RU000A0JXQ93;0;20190108;111752;104.340000000;10
RU000A0JXQ93;0;20190108;120342;104.340000000;2
RU000A0JXQ93;0;20190108;120342;104.350000000;8
RU000A0JXQ93;0;20190108;120602;104.350000000;100
RU000A0JXQ93;0;20190108;122137;104.340000000;36
RU000A0JXQ93;0;20190108;123829;104.340000000;1
RU000A0JXQ93;0;20190108;125445;104.340000000;26
RU000A0JXQ93;0;20190108;130708;104.340000000;2
RU000A0JXQ93;0;20190108;131347;104.350000000;2
RU000A0JXQ93;0;20190108;132624;104.350000000;10
RU000A0JXQ93;0;20190108;132855;104.350000000;12
RU000A0JXQ93;0;20190108;133754;104.340000000;1
RU000A0JXQ93;0;20190108;134357;104.340000000;2
RU000A0JXQ93;0;20190108;134619;104.340000000;12
RU000A0JXQ93;0;20190108;134912;104.340000000;7
RU000A0JXQ93;0;20190108;134912;104.000000000;20
RU000A0JXQ93;0;20190108;135915;104.350000000;1
RU000A0JXQ93;0;20190108;140452;104.350000000;1
RU000A0JXQ93;0;20190108;143012;104.350000000;28
RU000A0JXQ93;0;20190108;143357;104.350000000;9
RU000A0JXQ93;0;20190108;143750;104.350000000;1
RU000A0JXQ93;0;20190108;144240;104.350000000;20
RU000A0JXQ93;0;20190108;144740;104.350000000;50
RU000A0JXQ93;0;20190108;151001;104.350000000;50
RU000A0JXQ93;0;20190108;152134;104.350000000;17
RU000A0JXQ93;0;20190108;152534;103.540000000;30
RU000A0JXQ93;0;20190108;160114;104.340000000;5
RU000A0JXQ93;0;20190108;160424;104.340000000;7
RU000A0JXQ93;0;20190108;162421;103.620000000;1
RU000A0JXQ93;0;20190108;162421;103.620000000;22
RU000A0JXQ93;0;20190108;170059;104.340000000;18
RU000A0JXQ93;0;20190108;170316;104.340000000;1
RU000A0JXQ93;0;20190108;170934;104.350000000;1
RU000A0JXQ93;0;20190108;171531;104.350000000;1
RU000A0JXQ93;0;20190109;104119;104.500000000;30
RU000A0JXQ93;0;20190109;104308;104.540000000;5
RU000A0JXQ93;0;20190109;110213;103.710000000;42
RU000A0JXQ93;0;20190109;110213;103.700000000;78
RU000A0JXQ93;0;20190109;110213;103.610000000;50
RU000A0JXQ93;0;20190109;110213;103.600000000;80
RU000A0JXQ93;0;20190109;110213;103.560000000;50
RU000A0JXQ93;0;20190109;110213;103.550000000;19
RU000A0JXQ93;0;20190109;110313;104.490000000;42
RU000A0JXQ93;0;20190109;110313;104.500000000;3
RU000A0JXQ93;0;20190109;110313;104.530000000;3
RU000A0JXQ93;0;20190109;110313;104.530000000;7
RU000A0JXQ93;0;20190109;110313;104.540000000;165
RU000A0JXQ93;0;20190109;110412;104.500000000;50
RU000A0JXQ93;0;20190109;113040;104.490000000;1
RU000A0JXQ93;0;20190109;113100;104.490000000;19
RU000A0JXQ93;0;20190109;115525;104.010000000;25
RU000A0JXQ93;0;20190109;122258;104.480000000;3
RU000A0JXQ93;0;20190109;123134;104.480000000;1
RU000A0JXQ93;0;20190109;130006;104.400000000;20
RU000A0JXQ93;0;20190109;130136;104.400000000;36
RU000A0JXQ93;0;20190109;132144;104.010000000;5
RU000A0JXQ93;0;20190109;133108;104.390000000;6
RU000A0JXQ93;0;20190109;141956;104.010000000;1
RU000A0JXQ93;0;20190109;153618;104.230000000;21
RU000A0JXQ93;0;20190109;153618;104.240000000;9
RU000A0JXQ93;0;20190109;154916;104.240000000;1
RU000A0JXQ93;0;20190109;164257;104.240000000;2
RU000A0JXQ93;0;20190109;164653;104.240000000;18
RU000A0JXQ93;0;20190109;164653;104.250000000;22
RU000A0JXQ93;0;20190109;164704;104.250000000;3
RU000A0JXQ93;0;20190109;165815;104.250000000;4
RU000A0JXQ93;0;20190109;171734;104.250000000;10
RU000A0JXQ93;0;20190109;172924;104.250000000;200
RU000A0JXQ93;0;20190109;183737;104.250000000;1
RU000A0JXQ93;0;20190110;103257;104.470000000;30
RU000A0JXQ93;0;20190110;103331;104.540000000;1
RU000A0JXQ93;0;20190110;103331;104.550000000;49
RU000A0JXQ93;0;20190110;104146;104.550000000;50
RU000A0JXQ93;0;20190110;104345;104.560000000;1
RU000A0JXQ93;0;20190110;105018;104.740000000;1
RU000A0JXQ93;0;20190110;105018;104.750000000;4
RU000A0JXQ93;0;20190110;112650;104.500000000;100
RU000A0JXQ93;0;20190110;113440;104.500000000;50
RU000A0JXQ93;0;20190110;114713;104.250000000;12
RU000A0JXQ93;0;20190110;122128;104.500000000;30
RU000A0JXQ93;0;20190110;122204;104.500000000;2
RU000A0JXQ93;0;20190110;122556;104.030000000;1
RU000A0JXQ93;0;20190110;124822;104.490000000;1
RU000A0JXQ93;0;20190110;124822;104.500000000;4
RU000A0JXQ93;0;20190110;125023;104.500000000;5
RU000A0JXQ93;0;20190110;133119;104.500000000;129
RU000A0JXQ93;0;20190110;140740;104.500000000;5
RU000A0JXQ93;0;20190110;140832;104.110000000;1
RU000A0JXQ93;0;20190110;141923;104.490000000;1
RU000A0JXQ93;0;20190110;141923;104.500000000;9
RU000A0JXQ93;0;20190110;151309;104.440000000;1
RU000A0JXQ93;0;20190110;151330;104.440000000;20
RU000A0JXQ93;0;20190110;151405;104.440000000;1
RU000A0JXQ93;0;20190110;154250;104.440000000;1
RU000A0JXQ93;0;20190110;160304;104.440000000;25
RU000A0JXQ93;0;20190110;163458;104.400000000;5
RU000A0JXQ93;0;20190110;164241;104.400000000;45
RU000A0JXQ93;0;20190110;164740;104.440000000;5
RU000A0JXQ93;0;20190110;165221;104.430000000;80
RU000A0JXQ93;0;20190110;171646;104.130000000;15
RU000A0JXQ93;0;20190110;171917;104.430000000;1
RU000A0JXQ93;0;20190110;172813;104.430000000;14
RU000A0JXQ93;0;20190110;172813;104.440000000;46
RU000A0JXQ93;0;20190110;174023;104.130000000;17
RU000A0JXQ93;0;20190110;174023;104.120000000;94
RU000A0JXQ93;0;20190110;174023;104.100000000;1
RU000A0JXQ93;0;20190110;175044;104.100000000;20
RU000A0JXQ93;0;20190110;175121;104.100000000;5
RU000A0JXQ93;0;20190110;175153;104.100000000;5
RU000A0JXQ93;0;20190110;175508;104.090000000;1
RU000A0JXQ93;0;20190110;175604;104.090000000;16
RU000A0JXQ93;0;20190110;175604;104.100000000;39
RU000A0JXQ93;0;20190110;180109;104.100000000;5
RU000A0JXQ93;0;20190110;180145;104.100000000;4
RU000A0JXQ93;0;20190110;180545;104.040000000;1
RU000A0JXQ93;0;20190110;182248;104.100000000;5
RU000A0JXQ93;0;20190110;182413;104.090000000;1
RU000A0JXQ93;0;20190110;182413;104.100000000;14
RU000A0JXQ93;0;20190110;183124;104.100000000;60
RU000A0JXQ93;0;20190110;183324;104.100000000;30
RU000A0JXQ93;0;20190111;102141;104.100000000;1
RU000A0JXQ93;0;20190111;103540;104.100000000;15
RU000A0JXQ93;0;20190111;103658;104.020000000;5
RU000A0JXQ93;0;20190111;103726;104.020000000;10
RU000A0JXQ93;0;20190111;104005;104.100000000;15
RU000A0JXQ93;0;20190111;104213;104.100000000;15
RU000A0JXQ93;0;20190111;104823;104.030000000;1
RU000A0JXQ93;0;20190111;105921;104.100000000;2
RU000A0JXQ93;0;20190111;110558;104.100000000;43
RU000A0JXQ93;0;20190111;115427;104.100000000;15
RU000A0JXQ93;0;20190111;122241;104.100000000;3
RU000A0JXQ93;0;20190111;125718;104.100000000;5
RU000A0JXQ93;0;20190111;130715;104.100000000;9
RU000A0JXQ93;0;20190111;131538;104.010000000;9
RU000A0JXQ93;0;20190111;132044;104.100000000;4
RU000A0JXQ93;0;20190111;134150;104.100000000;18
RU000A0JXQ93;0;20190111;135132;104.100000000;10
RU000A0JXQ93;0;20190111;135224;104.100000000;24
RU000A0JXQ93;0;20190111;140059;104.100000000;1
RU000A0JXQ93;0;20190111;140924;104.100000000;10
RU000A0JXQ93;0;20190111;142414;104.100000000;41
RU000A0JXQ93;0;20190111;143937;104.100000000;1
RU000A0JXQ93;0;20190111;150405;104.100000000;17
RU000A0JXQ93;0;20190111;150405;104.100000000;1
RU000A0JXQ93;0;20190111;152448;104.300000000;1
RU000A0JXQ93;0;20190111;152448;104.400000000;1
RU000A0JXQ93;0;20190111;162454;104.230000000;8
RU000A0JXQ93;0;20190111;162454;104.220000000;7
RU000A0JXQ93;0;20190111;162454;104.100000000;28
RU000A0JXQ93;0;20190111;162454;104.020000000;22
RU000A0JXQ93;0;20190111;163014;104.380000000;5
RU000A0JXQ93;0;20190111;163037;104.380000000;2
RU000A0JXQ93;0;20190111;163037;104.380000000;8
RU000A0JXQ93;0;20190111;171004;104.390000000;1
RU000A0JXQ93;0;20190111;171751;104.390000000;5
RU000A0JXQ93;0;20190111;172520;104.390000000;1
RU000A0JXQ93;0;20190111;172546;104.190000000;5
RU000A0JXQ93;0;20190111;181850;104.100000000;1
RU000A0JXQ93;0;20190111;181850;104.390000000;4
RU000A0JXQ93;0;20190111;183004;104.100000000;1
RU000A0JXQ93;0;20190111;183004;104.120000000;1
RU000A0JXQ93;0;20190111;183004;104.390000000;878
RU000A0JXQ93;0;20190111;183953;104.390000000;1
RU000A0JXQ93;0;20190111;184001;104.390000000;1
RU000A0JXQ93;0;20190111;184117;104.390000000;1
RU000A0JXQ93;0;20190111;184123;104.390000000;1
RU000A0JXQ93;0;20190111;184202;104.390000000;1
RU000A0JXQ93;0;20190111;184236;104.390000000;1
RU000A0JXQ93;0;20190114;101034;104.030000000;1
RU000A0JXQ93;0;20190114;101201;104.020000000;1
RU000A0JXQ93;0;20190114;102201;104.030000000;9
RU000A0JXQ93;0;20190114;110229;104.340000000;1
RU000A0JXQ93;0;20190114;114728;104.340000000;4
RU000A0JXQ93;0;20190114;114728;104.380000000;14
RU000A0JXQ93;0;20190114;114728;104.380000000;10
RU000A0JXQ93;0;20190114;114728;104.390000000;20
RU000A0JXQ93;0;20190114;114728;104.400000000;2
RU000A0JXQ93;0;20190114;123114;104.330000000;10
RU000A0JXQ93;0;20190114;124417;104.390000000;1
RU000A0JXQ93;0;20190114;124451;104.400000000;1
RU000A0JXQ93;0;20190114;130937;104.400000000;5
RU000A0JXQ93;0;20190114;130937;104.440000000;2
RU000A0JXQ93;0;20190114;135334;104.480000000;9
RU000A0JXQ93;0;20190114;135608;104.360000000;10
RU000A0JXQ93;0;20190114;140447;104.470000000;2
RU000A0JXQ93;0;20190114;142108;104.470000000;1
RU000A0JXQ93;0;20190114;143951;104.480000000;11
RU000A0JXQ93;0;20190114;143951;104.490000000;12
RU000A0JXQ93;0;20190114;144804;104.440000000;3
RU000A0JXQ93;0;20190114;144804;104.400000000;10
RU000A0JXQ93;0;20190114;144804;104.330000000;1
RU000A0JXQ93;0;20190114;144804;104.320000000;15
RU000A0JXQ93;0;20190114;144837;104.060000000;43
RU000A0JXQ93;0;20190114;144857;104.050000000;8
RU000A0JXQ93;0;20190114;144857;104.030000000;10
RU000A0JXQ93;0;20190114;144857;104.020000000;10
RU000A0JXQ93;0;20190114;171347;104.280000000;1
RU000A0JXQ93;0;20190114;171534;104.280000000;7
RU000A0JXQ93;0;20190114;172904;104.480000000;50
RU000A0JXQ93;0;20190114;172904;104.490000000;230
RU000A0JXQ93;0;20190115;101725;104.400000000;40
RU000A0JXQ93;0;20190115;101800;104.480000000;5
RU000A0JXQ93;0;20190115;102802;104.390000000;15
RU000A0JXQ93;0;20190115;112625;104.390000000;5
RU000A0JXQ93;0;20190115;112625;104.400000000;45
RU000A0JXQ93;0;20190115;115543;104.400000000;10
RU000A0JXQ93;0;20190115;131744;104.400000000;25
RU000A0JXQ93;0;20190115;132112;104.220000000;8
RU000A0JXQ93;0;20190115;132112;104.210000000;14
RU000A0JXQ93;0;20190115;132138;104.210000000;1
RU000A0JXQ93;0;20190115;132138;104.200000000;20
RU000A0JXQ93;0;20190115;132205;104.160000000;7
RU000A0JXQ93;0;20190115;133318;104.370000000;5
RU000A0JXQ93;0;20190115;135054;104.170000000;1
RU000A0JXQ93;0;20190115;143847;104.360000000;1
RU000A0JXQ93;0;20190115;144714;104.360000000;3
RU000A0JXQ93;0;20190115;144806;104.170000000;4
RU000A0JXQ93;0;20190115;144806;104.160000000;23
RU000A0JXQ93;0;20190115;144806;104.150000000;46
RU000A0JXQ93;0;20190115;145857;104.360000000;5
RU000A0JXQ93;0;20190115;152140;104.170000000;9
RU000A0JXQ93;0;20190115;152140;104.160000000;20
RU000A0JXQ93;0;20190115;152140;104.150000000;131
RU000A0JXQ93;0;20190115;153148;104.360000000;2
RU000A0JXQ93;0;20190115;162918;104.290000000;13
RU000A0JXQ93;0;20190115;162918;104.300000000;7
RU000A0JXQ93;0;20190115;163152;104.300000000;11
RU000A0JXQ93;0;20190115;163707;104.300000000;1
RU000A0JXQ93;0;20190115;165404;104.300000000;4
RU000A0JXQ93;0;20190115;165404;104.370000000;8
RU000A0JXQ93;0;20190115;165404;104.370000000;10
RU000A0JXQ93;0;20190115;165404;104.380000000;35
RU000A0JXQ93;0;20190115;170752;104.380000000;1
RU000A0JXQ93;0;20190115;172439;104.390000000;1
RU000A0JXQ93;0;20190115;173553;104.390000000;94
RU000A0JXQ93;0;20190115;173909;104.390000000;5
RU000A0JXQ93;0;20190115;173909;104.390000000;6
RU000A0JXQ93;0;20190115;174101;104.390000000;4
RU000A0JXQ93;0;20190115;174141;104.230000000;4
RU000A0JXQ93;0;20190115;174327;104.380000000;4
RU000A0JXQ93;0;20190115;175402;104.390000000;1
RU000A0JXQ93;0;20190115;182116;104.170000000;1
RU000A0JXQ93;0;20190115;183824;104.380000000;1
RU000A0JXQ93;0;20190115;183824;104.390000000;3
RU000A0JXQ93;0;20190115;183824;104.400000000;3
RU000A0JXQ93;0;20190116;100112;103.580000000;1
RU000A0JXQ93;0;20190116;100846;104.390000000;1
RU000A0JXQ93;0;20190116;100846;104.400000000;9
RU000A0JXQ93;0;20190116;115203;104.300000000;16
RU000A0JXQ93;0;20190116;120418;104.300000000;64
RU000A0JXQ93;0;20190116;120418;104.390000000;10
RU000A0JXQ93;0;20190116;120418;104.400000000;76
RU000A0JXQ93;0;20190116;131812;104.400000000;10
RU000A0JXQ93;0;20190116;135415;104.390000000;5
RU000A0JXQ93;0;20190116;135415;104.400000000;295
RU000A0JXQ93;0;20190116;141741;104.400000000;30
RU000A0JXQ93;0;20190116;142554;104.400000000;1
RU000A0JXQ93;0;20190116;150626;104.300000000;6
RU000A0JXQ93;0;20190116;150626;104.310000000;4
RU000A0JXQ93;0;20190116;151446;104.310000000;2
RU000A0JXQ93;0;20190116;151446;104.400000000;2
RU000A0JXQ93;0;20190116;160326;104.400000000;1
RU000A0JXQ93;0;20190116;161552;104.390000000;1
RU000A0JXQ93;0;20190116;161645;104.080000000;4
RU000A0JXQ93;0;20190116;161645;104.070000000;4
RU000A0JXQ93;0;20190116;162300;104.340000000;2
RU000A0JXQ93;0;20190116;170420;104.390000000;1
RU000A0JXQ93;0;20190116;170456;104.390000000;3
RU000A0JXQ93;0;20190116;170456;104.390000000;4
RU000A0JXQ93;0;20190116;171006;104.390000000;1
RU000A0JXQ93;0;20190116;172044;104.400000000;3
RU000A0JXQ93;0;20190116;174831;104.400000000;220
RU000A0JXQ93;0;20190116;174831;104.400000000;501
RU000A0JXQ93;0;20190116;174831;104.400000000;6
RU000A0JXQ93;0;20190116;174831;104.400000000;1
RU000A0JXQ93;0;20190116;174831;104.400000000;161
RU000A0JXQ93;0;20190116;174831;104.400000000;111
RU000A0JXQ93;0;20190116;175136;104.400000000;18
RU000A0JXQ93;0;20190116;180126;104.400000000;30
RU000A0JXQ93;0;20190116;180352;104.400000000;40
RU000A0JXQ93;0;20190116;182006;104.400000000;1
RU000A0JXQ93;0;20190116;182218;104.400000000;5
RU000A0JXQ93;0;20190116;182427;104.400000000;2
RU000A0JXQ93;0;20190117;102821;104.390000000;5
RU000A0JXQ93;0;20190117;113837;104.340000000;1
RU000A0JXQ93;0;20190117;114150;104.100000000;3
RU000A0JXQ93;0;20190117;114150;104.090000000;8
RU000A0JXQ93;0;20190117;114150;104.010000000;20
RU000A0JXQ93;0;20190117;114201;104.010000000;12
RU000A0JXQ93;0;20190117;114201;104.000000000;7
RU000A0JXQ93;0;20190117;122629;104.240000000;13
RU000A0JXQ93;0;20190117;122913;104.240000000;2
RU000A0JXQ93;0;20190117;122913;104.240000000;8
RU000A0JXQ93;0;20190117;123630;104.120000000;8
RU000A0JXQ93;0;20190117;123630;104.010000000;30
RU000A0JXQ93;0;20190117;123630;104.000000000;93
RU000A0JXQ93;0;20190117;123630;104.000000000;20
RU000A0JXQ93;0;20190117;124451;104.000000000;1
RU000A0JXQ93;0;20190117;130643;104.000000000;2
RU000A0JXQ93;0;20190117;130810;104.000000000;3
RU000A0JXQ93;0;20190117;131722;104.000000000;10
RU000A0JXQ93;0;20190117;131812;104.000000000;17
RU000A0JXQ93;0;20190117;131812;104.000000000;17
RU000A0JXQ93;0;20190117;131813;104.000000000;4
RU000A0JXQ93;0;20190117;132352;104.000000000;1
RU000A0JXQ93;0;20190117;132617;104.000000000;60
RU000A0JXQ93;0;20190117;133402;104.000000000;2
RU000A0JXQ93;0;20190117;134242;104.000000000;1000
RU000A0JXQ93;0;20190117;140006;103.950000000;55
RU000A0JXQ93;0;20190117;140437;103.900000000;79
RU000A0JXQ93;0;20190117;150218;104.000000000;1
RU000A0JXQ93;0;20190117;155146;104.000000000;3
RU000A0JXQ93;0;20190117;160432;104.000000000;10
RU000A0JXQ93;0;20190117;163245;104.000000000;10
RU000A0JXQ93;0;20190117;164815;104.000000000;10
RU000A0JXQ93;0;20190117;175609;104.000000000;420
RU000A0JXQ93;0;20190117;180155;103.910000000;1
RU000A0JXQ93;0;20190117;183020;104.000000000;420
RU000A0JXQ93;0;20190117;183804;103.910000000;9
RU000A0JXQ93;0;20190117;183804;103.910000000;20
RU000A0JXQ93;0;20190117;183804;103.900000000;21
RU000A0JXQ93;0;20190117;183804;103.900000000;79
RU000A0JXQ93;0;20190117;183804;103.610000000;21
RU000A0JXQ93;0;20190117;184112;104.000000000;20
RU000A0JXQ93;0;20190118;101336;104.000000000;3
RU000A0JXQ93;0;20190118;101336;103.630000000;1
RU000A0JXQ93;0;20190118;101336;103.620000000;50
RU000A0JXQ93;0;20190118;101357;103.590000000;36
RU000A0JXQ93;0;20190118;113507;104.260000000;1
RU000A0JXQ93;0;20190118;114827;104.260000000;3
RU000A0JXQ93;0;20190118;122251;104.240000000;23
RU000A0JXQ93;0;20190118;122251;104.250000000;7
RU000A0JXQ93;0;20190118;123707;104.240000000;5
RU000A0JXQ93;0;20190118;134139;104.240000000;3
RU000A0JXQ93;0;20190118;134919;104.240000000;1
RU000A0JXQ93;0;20190118;135428;104.240000000;1
RU000A0JXQ93;0;20190118;135923;104.240000000;4
RU000A0JXQ93;0;20190118;145227;104.240000000;10
RU000A0JXQ93;0;20190118;153423;103.870000000;2
RU000A0JXQ93;0;20190118;155443;104.190000000;1
RU000A0JXQ93;0;20190118;161039;103.860000000;3
RU000A0JXQ93;0;20190118;171905;103.880000000;7
RU000A0JXQ93;0;20190118;172014;104.240000000;1
RU000A0JXQ93;0;20190118;172014;104.240000000;9
RU000A0JXQ93;0;20190118;175253;104.240000000;9
RU000A0JXQ93;0;20190118;175253;104.240000000;1
RU000A0JXQ93;0;20190118;180527;104.240000000;1
RU000A0JXQ93;0;20190118;180527;104.240000000;29
RU000A0JXQ93;0;20190118;183923;104.250000000;1
RU000A0JXQ93;0;20190121;101237;104.370000000;2
RU000A0JXQ93;0;20190121;104216;104.370000000;1
RU000A0JXQ93;0;20190121;105102;104.370000000;1
RU000A0JXQ93;0;20190121;112810;104.360000000;4
RU000A0JXQ93;0;20190121;112810;104.370000000;5
RU000A0JXQ93;0;20190121;112810;104.370000000;41
RU000A0JXQ93;0;20190121;114011;104.370000000;1
RU000A0JXQ93;0;20190121;124514;104.370000000;8
RU000A0JXQ93;0;20190121;124514;104.380000000;7
RU000A0JXQ93;0;20190121;125324;104.380000000;3
RU000A0JXQ93;0;20190121;125324;104.400000000;912
RU000A0JXQ93;0;20190121;130710;104.390000000;2
RU000A0JXQ93;0;20190121;132332;104.390000000;18
RU000A0JXQ93;0;20190121;132332;104.400000000;72
RU000A0JXQ93;0;20190121;132349;104.220000000;3
RU000A0JXQ93;0;20190121;132349;104.210000000;8
RU000A0JXQ93;0;20190121;132349;104.010000000;9
RU000A0JXQ93;0;20190121;133426;104.390000000;2
RU000A0JXQ93;0;20190121;133530;104.390000000;1
RU000A0JXQ93;0;20190121;133530;104.390000000;1
RU000A0JXQ93;0;20190121;133857;104.390000000;7
RU000A0JXQ93;0;20190121;133857;104.400000000;93
RU000A0JXQ93;0;20190121;144918;104.190000000;2
RU000A0JXQ93;0;20190121;152642;104.390000000;2
RU000A0JXQ93;0;20190121;152642;104.400000000;30
RU000A0JXQ93;0;20190121;152642;104.400000000;10
RU000A0JXQ93;0;20190121;152642;104.420000000;8
RU000A0JXQ93;0;20190121;161408;104.420000000;2
RU000A0JXQ93;0;20190121;170333;104.400000000;19
RU000A0JXQ93;0;20190121;171333;104.400000000;1
RU000A0JXQ93;0;20190121;171333;104.420000000;19
RU000A0JXQ93;0;20190121;172026;104.420000000;1
RU000A0JXQ93;0;20190122;100539;103.610000000;1
RU000A0JXQ93;0;20190122;100539;103.600000000;1
RU000A0JXQ93;0;20190122;100729;104.490000000;1
RU000A0JXQ93;0;20190122;100729;104.490000000;10
RU000A0JXQ93;0;20190122;100729;104.500000000;89
RU000A0JXQ93;0;20190122;100900;104.500000000;3
RU000A0JXQ93;0;20190122;103537;104.450000000;2
RU000A0JXQ93;0;20190122;103657;104.450000000;2
RU000A0JXQ93;0;20190122;104022;104.450000000;1
RU000A0JXQ93;0;20190122;104212;104.450000000;2
RU000A0JXQ93;0;20190122;110058;104.200000000;10
RU000A0JXQ93;0;20190122;111021;104.200000000;100
RU000A0JXQ93;0;20190122;112702;104.200000000;1
RU000A0JXQ93;0;20190122;114011;104.200000000;25
RU000A0JXQ93;0;20190122;132542;104.200000000;21
RU000A0JXQ93;0;20190122;135959;104.200000000;37
RU000A0JXQ93;0;20190122;142810;104.200000000;8
RU000A0JXQ93;0;20190122;144213;104.200000000;75
RU000A0JXQ93;0;20190122;151032;104.110000000;13
RU000A0JXQ93;0;20190122;151254;104.190000000;1
RU000A0JXQ93;0;20190122;162616;104.190000000;2
RU000A0JXQ93;0;20190122;162702;104.110000000;4
RU000A0JXQ93;0;20190122;163114;104.100000000;20
RU000A0JXQ93;0;20190122;163114;104.020000000;22
RU000A0JXQ93;0;20190122;163114;104.000000000;10
RU000A0JXQ93;0;20190122;163114;104.000000000;4
RU000A0JXQ93;0;20190122;163843;103.990000000;10
RU000A0JXQ93;0;20190122;164044;103.990000000;3
RU000A0JXQ93;0;20190122;164045;103.990000000;1
RU000A0JXQ93;0;20190122;165911;104.000000000;60
RU000A0JXQ93;0;20190122;170022;104.000000000;4
RU000A0JXQ93;0;20190122;172015;104.000000000;1
RU000A0JXQ93;0;20190122;172510;104.000000000;1
RU000A0JXQ93;0;20190122;174049;104.000000000;5
RU000A0JXQ93;0;20190122;175532;104.000000000;1
RU000A0JXQ93;0;20190122;175728;104.000000000;10
RU000A0JXQ93;0;20190122;180428;104.000000000;1
RU000A0JXQ93;0;20190122;181300;104.000000000;10
RU000A0JXQ93;0;20190122;184125;104.000000000;27
RU000A0JXQ93;0;20190123;103648;104.450000000;10
RU000A0JXQ93;0;20190123;103935;104.460000000;150
RU000A0JXQ93;0;20190123;103935;104.470000000;50
RU000A0JXQ93;0;20190123;110715;104.450000000;3
RU000A0JXQ93;0;20190123;110951;103.890000000;8
RU000A0JXQ93;0;20190123;110951;103.880000000;14
RU000A0JXQ93;0;20190123;112837;104.440000000;1
RU000A0JXQ93;0;20190123;122451;104.210000000;1
RU000A0JXQ93;0;20190123;122836;104.140000000;3
RU000A0JXQ93;0;20190123;122921;104.100000000;10
RU000A0JXQ93;0;20190123;122945;104.110000000;7
RU000A0JXQ93;0;20190123;125508;104.380000000;10
RU000A0JXQ93;0;20190123;133245;104.020000000;4
RU000A0JXQ93;0;20190123;133245;104.020000000;8
RU000A0JXQ93;0;20190123;133246;104.020000000;10
RU000A0JXQ93;0;20190123;133643;104.010000000;14
RU000A0JXQ93;0;20190123;133703;104.010000000;3
RU000A0JXQ93;0;20190123;133747;104.020000000;20
RU000A0JXQ93;0;20190123;134746;104.020000000;14
RU000A0JXQ93;0;20190123;135119;104.010000000;3
RU000A0JXQ93;0;20190123;135119;104.000000000;171
RU000A0JXQ93;0;20190123;140607;104.160000000;10
RU000A0JXQ93;0;20190123;144905;104.160000000;3
RU000A0JXQ93;0;20190123;152607;104.030000000;13
RU000A0JXQ93;0;20190123;152707;104.020000000;20
RU000A0JXQ93;0;20190123;161124;104.140000000;14
RU000A0JXQ93;0;20190123;161124;104.150000000;11
RU000A0JXQ93;0;20190123;161124;104.150000000;25
RU000A0JXQ93;0;20190123;161313;104.150000000;75
RU000A0JXQ93;0;20190123;161313;104.170000000;8
RU000A0JXQ93;0;20190123;161313;104.390000000;20
RU000A0JXQ93;0;20190123;161313;104.400000000;42
RU000A0JXQ93;0;20190123;161313;104.450000000;17
RU000A0JXQ93;0;20190123;161313;104.450000000;121
RU000A0JXQ93;0;20190123;161313;104.460000000;200
RU000A0JXQ93;0;20190123;161313;104.470000000;2000
RU000A0JXQ93;0;20190123;161313;104.480000000;1
RU000A0JXQ93;0;20190123;161313;104.490000000;140
RU000A0JXQ93;0;20190123;161313;104.500000000;3000
RU000A0JXQ93;0;20190123;161408;104.500000000;3793
RU000A0JXQ93;0;20190123;164800;104.490000000;28
RU000A0JXQ93;0;20190123;170541;104.490000000;15
RU000A0JXQ93;0;20190123;170604;104.490000000;1
RU000A0JXQ93;0;20190123;170838;104.490000000;1
RU000A0JXQ93;0;20190123;174404;104.490000000;50
RU000A0JXQ93;0;20190123;180736;104.110000000;2
RU000A0JXQ93;0;20190123;181012;104.440000000;1
RU000A0JXQ93;0;20190124;103620;104.390000000;1
RU000A0JXQ93;0;20190124;103620;104.400000000;77
RU000A0JXQ93;0;20190124;103620;104.950000000;422
RU000A0JXQ93;0;20190124;112716;104.250000000;21
RU000A0JXQ93;0;20190124;114417;104.080000000;1
RU000A0JXQ93;0;20190124;120815;104.100000000;14
RU000A0JXQ93;0;20190124;120853;104.100000000;16
RU000A0JXQ93;0;20190124;120946;104.100000000;11
RU000A0JXQ93;0;20190124;121002;104.090000000;10
RU000A0JXQ93;0;20190124;121211;104.100000000;4
RU000A0JXQ93;0;20190124;121236;104.100000000;25
RU000A0JXQ93;0;20190124;123231;104.020000000;7
RU000A0JXQ93;0;20190124;125008;104.090000000;2
RU000A0JXQ93;0;20190124;131241;104.090000000;2
RU000A0JXQ93;0;20190124;133001;104.090000000;10
RU000A0JXQ93;0;20190124;133001;104.100000000;180
RU000A0JXQ93;0;20190124;133001;104.200000000;210
RU000A0JXQ93;0;20190124;133914;104.050000000;13
RU000A0JXQ93;0;20190124;133914;104.200000000;18
RU000A0JXQ93;0;20190124;135533;104.200000000;665
RU000A0JXQ93;0;20190124;135710;104.200000000;1
RU000A0JXQ93;0;20190124;145122;104.200000000;50
RU000A0JXQ93;0;20190124;154807;104.200000000;1
RU000A0JXQ93;0;20190124;162750;104.200000000;1
RU000A0JXQ93;0;20190124;162841;104.200000000;111
RU000A0JXQ93;0;20190124;162933;104.200000000;120
RU000A0JXQ93;0;20190124;165430;104.110000000;14
RU000A0JXQ93;0;20190124;165548;104.100000000;1
RU000A0JXQ93;0;20190124;165620;104.200000000;5
RU000A0JXQ93;0;20190124;170456;104.100000000;2
RU000A0JXQ93;0;20190124;170817;104.180000000;14
RU000A0JXQ93;0;20190124;170817;104.190000000;3
RU000A0JXQ93;0;20190124;171031;104.190000000;2
RU000A0JXQ93;0;20190124;171149;104.050000000;5
RU000A0JXQ93;0;20190124;173229;104.190000000;7
RU000A0JXQ93;0;20190124;174011;104.180000000;5
RU000A0JXQ93;0;20190124;174011;104.190000000;15
RU000A0JXQ93;0;20190124;174126;104.190000000;1
RU000A0JXQ93;0;20190124;174705;104.190000000;25
RU000A0JXQ93;0;20190124;174705;104.190000000;10
RU000A0JXQ93;0;20190124;175123;104.200000000;14
RU000A0JXQ93;0;20190124;175356;104.190000000;14
RU000A0JXQ93;0;20190124;175923;104.200000000;2
RU000A0JXQ93;0;20190124;180140;104.190000000;10
RU000A0JXQ93;0;20190124;180556;104.200000000;14
RU000A0JXQ93;0;20190124;181736;104.190000000;14
RU000A0JXQ93;0;20190124;181900;104.200000000;10
RU000A0JXQ93;0;20190124;182102;104.200000000;10
RU000A0JXQ93;0;20190124;182155;104.190000000;5
RU000A0JXQ93;0;20190124;182409;104.190000000;5
RU000A0JXQ93;0;20190124;182907;104.200000000;10
RU000A0JXQ93;0;20190124;183223;104.190000000;5
RU000A0JXQ93;0;20190124;183409;104.190000000;10
RU000A0JXQ93;0;20190124;184132;104.200000000;10
RU000A0JXQ93;0;20190125;100342;104.980000000;1
RU000A0JXQ93;0;20190125;100342;104.990000000;9
RU000A0JXQ93;0;20190125;100644;104.040000000;1
RU000A0JXQ93;0;20190125;100644;104.030000000;4
RU000A0JXQ93;0;20190125;100653;104.050000000;2
RU000A0JXQ93;0;20190125;101001;104.960000000;1
RU000A0JXQ93;0;20190125;101001;104.960000000;1
RU000A0JXQ93;0;20190125;101042;104.950000000;1
RU000A0JXQ93;0;20190125;101042;104.970000000;4
RU000A0JXQ93;0;20190125;104303;104.700000000;5
RU000A0JXQ93;0;20190125;104436;104.700000000;3
RU000A0JXQ93;0;20190125;105121;104.700000000;5
RU000A0JXQ93;0;20190125;105758;104.700000000;2
RU000A0JXQ93;0;20190125;105829;104.080000000;8
RU000A0JXQ93;0;20190125;110030;104.690000000;5
RU000A0JXQ93;0;20190125;110340;104.690000000;3
RU000A0JXQ93;0;20190125;110340;104.690000000;3
RU000A0JXQ93;0;20190125;111546;104.690000000;1
RU000A0JXQ93;0;20190125;111739;104.450000000;8
RU000A0JXQ93;0;20190125;113512;104.460000000;10
RU000A0JXQ93;0;20190125;113512;104.440000000;1
RU000A0JXQ93;0;20190125;113512;104.400000000;5
RU000A0JXQ93;0;20190125;114026;104.080000000;4
RU000A0JXQ93;0;20190125;115028;104.390000000;4
RU000A0JXQ93;0;20190125;115236;104.400000000;1
RU000A0JXQ93;0;20190125;115727;104.400000000;1
RU000A0JXQ93;0;20190125;120234;104.400000000;32
RU000A0JXQ93;0;20190125;120234;104.400000000;38
RU000A0JXQ93;0;20190125;121733;104.400000000;3
RU000A0JXQ93;0;20190125;121743;104.400000000;1
RU000A0JXQ93;0;20190125;121745;104.400000000;10
RU000A0JXQ93;0;20190125;122537;104.390000000;4
RU000A0JXQ93;0;20190125;124840;104.390000000;2
RU000A0JXQ93;0;20190125;125630;104.390000000;34
RU000A0JXQ93;0;20190125;130717;104.390000000;4
RU000A0JXQ93;0;20190125;131743;104.390000000;2
RU000A0JXQ93;0;20190125;133325;104.370000000;54
RU000A0JXQ93;0;20190125;133325;104.380000000;5
RU000A0JXQ93;0;20190125;133325;104.390000000;41
RU000A0JXQ93;0;20190125;133720;104.390000000;59
RU000A0JXQ93;0;20190125;133720;104.400000000;37
RU000A0JXQ93;0;20190125;133830;104.400000000;104
RU000A0JXQ93;0;20190125;133840;104.400000000;94
RU000A0JXQ93;0;20190125;134048;104.600000000;18
RU000A0JXQ93;0;20190125;134048;104.880000000;30
RU000A0JXQ93;0;20190125;134048;104.890000000;59
RU000A0JXQ93;0;20190125;134048;104.890000000;84
RU000A0JXQ93;0;20190125;142038;104.800000000;2
RU000A0JXQ93;0;20190125;150751;104.530000000;10
RU000A0JXQ93;0;20190125;150826;104.460000000;14
RU000A0JXQ93;0;20190125;150843;104.450000000;3
RU000A0JXQ93;0;20190125;151633;104.680000000;10
RU000A0JXQ93;0;20190125;152103;104.460000000;3
RU000A0JXQ93;0;20190125;152412;104.680000000;4
RU000A0JXQ93;0;20190125;152412;104.680000000;6
RU000A0JXQ93;0;20190125;152742;104.470000000;6
RU000A0JXQ93;0;20190125;152947;104.480000000;5
RU000A0JXQ93;0;20190125;153102;104.470000000;4
RU000A0JXQ93;0;20190125;153102;104.450000000;3
RU000A0JXQ93;0;20190125;153102;104.250000000;10
RU000A0JXQ93;0;20190125;153314;104.200000000;19
RU000A0JXQ93;0;20190125;153331;104.190000000;8
RU000A0JXQ93;0;20190125;153331;104.200000000;77
RU000A0JXQ93;0;20190125;153422;104.200000000;120
RU000A0JXQ93;0;20190125;153707;104.090000000;14
RU000A0JXQ93;0;20190125;153821;104.150000000;20
RU000A0JXQ93;0;20190125;153821;104.150000000;9
RU000A0JXQ93;0;20190125;154140;104.060000000;3
RU000A0JXQ93;0;20190125;154140;104.060000000;10
RU000A0JXQ93;0;20190125;154140;104.060000000;13
RU000A0JXQ93;0;20190125;161112;104.120000000;96
RU000A0JXQ93;0;20190125;162126;104.120000000;17
RU000A0JXQ93;0;20190125;163415;104.120000000;2
RU000A0JXQ93;0;20190125;170001;104.120000000;117
RU000A0JXQ93;0;20190125;170001;104.140000000;21
RU000A0JXQ93;0;20190125;170001;104.150000000;11
RU000A0JXQ93;0;20190125;170001;104.150000000;1
RU000A0JXQ93;0;20190125;170001;104.200000000;3978
RU000A0JXQ93;0;20190125;170001;104.200000000;3
RU000A0JXQ93;0;20190125;170001;104.400000000;10
RU000A0JXQ93;0;20190125;170001;104.500000000;100
RU000A0JXQ93;0;20190125;170120;104.500000000;1759
RU000A0JXQ93;0;20190125;180437;104.160000000;6
RU000A0JXQ93;0;20190125;181718;104.490000000;6
RU000A0JXQ93;0;20190125;181718;104.500000000;15
RU000A0JXQ93;0;20190125;182709;104.200000000;2
RU000A0JXQ93;0;20190125;182732;104.200000000;3
RU000A0JXQ93;0;20190125;182732;104.500000000;67
RU000A0JXQ93;0;20190128;100321;104.110000000;1
RU000A0JXQ93;0;20190128;100321;104.100000000;3
RU000A0JXQ93;0;20190128;100321;104.060000000;46
RU000A0JXQ93;0;20190128;100726;104.720000000;1
RU000A0JXQ93;0;20190128;100937;104.090000000;17
RU000A0JXQ93;0;20190128;100945;104.090000000;30
RU000A0JXQ93;0;20190128;101723;104.080000000;1
RU000A0JXQ93;0;20190128;101730;104.480000000;5
RU000A0JXQ93;0;20190128;101730;104.500000000;30
RU000A0JXQ93;0;20190128;101730;104.630000000;14
RU000A0JXQ93;0;20190128;101730;104.730000000;46
RU000A0JXQ93;0;20190128;101730;104.750000000;5
RU000A0JXQ93;0;20190128;102525;104.740000000;6
RU000A0JXQ93;0;20190128;104015;104.740000000;1
RU000A0JXQ93;0;20190128;104025;104.740000000;5
RU000A0JXQ93;0;20190128;104025;104.740000000;1
RU000A0JXQ93;0;20190128;104501;104.110000000;2
RU000A0JXQ93;0;20190128;104501;104.110000000;23
RU000A0JXQ93;0;20190128;110521;104.720000000;13
RU000A0JXQ93;0;20190128;111022;104.720000000;91
RU000A0JXQ93;0;20190128;111045;104.140000000;48
RU000A0JXQ93;0;20190128;111045;104.130000000;10
RU000A0JXQ93;0;20190128;112010;104.110000000;10
RU000A0JXQ93;0;20190128;115852;104.750000000;5
RU000A0JXQ93;0;20190128;115852;104.750000000;4
RU000A0JXQ93;0;20190128;120216;104.160000000;10
RU000A0JXQ93;0;20190128;120216;104.150000000;100
RU000A0JXQ93;0;20190128;121647;104.510000000;1
RU000A0JXQ93;0;20190128;122559;104.540000000;15
RU000A0JXQ93;0;20190128;130620;104.750000000;2
RU000A0JXQ93;0;20190128;131802;104.340000000;3
RU000A0JXQ93;0;20190128;132700;104.340000000;2
RU000A0JXQ93;0;20190128;134608;104.520000000;5
RU000A0JXQ93;0;20190128;134608;104.530000000;13
RU000A0JXQ93;0;20190128;134722;104.350000000;10
RU000A0JXQ93;0;20190128;134722;104.200000000;20
RU000A0JXQ93;0;20190128;144548;104.490000000;11
RU000A0JXQ93;0;20190128;144737;104.160000000;10
RU000A0JXQ93;0;20190128;144737;104.150000000;100
RU000A0JXQ93;0;20190128;144940;104.490000000;19
RU000A0JXQ93;0;20190128;144940;104.500000000;1
RU000A0JXQ93;0;20190128;145030;104.500000000;9
RU000A0JXQ93;0;20190128;145030;104.650000000;11
RU000A0JXQ93;0;20190128;145644;104.300000000;10
RU000A0JXQ93;0;20190128;145644;104.290000000;12
RU000A0JXQ93;0;20190128;145711;104.130000000;18
RU000A0JXQ93;0;20190128;145711;104.120000000;1
RU000A0JXQ93;0;20190128;145711;104.110000000;65
RU000A0JXQ93;0;20190128;145711;104.110000000;10
RU000A0JXQ93;0;20190128;145711;104.110000000;107
RU000A0JXQ93;0;20190128;151613;104.450000000;1
RU000A0JXQ93;0;20190128;151723;104.100000000;10
RU000A0JXQ93;0;20190128;151723;104.090000000;80
RU000A0JXQ93;0;20190128;152157;104.090000000;10
RU000A0JXQ93;0;20190128;152157;104.340000000;2
RU000A0JXQ93;0;20190128;153318;104.330000000;5
RU000A0JXQ93;0;20190128;153318;104.340000000;17
RU000A0JXQ93;0;20190128;153318;104.400000000;18
RU000A0JXQ93;0;20190128;153842;104.390000000;14
RU000A0JXQ93;0;20190128;154558;104.390000000;11
RU000A0JXQ93;0;20190128;154558;104.400000000;19
RU000A0JXQ93;0;20190128;160517;104.400000000;8
RU000A0JXQ93;0;20190128;161941;104.400000000;10
RU000A0JXQ93;0;20190128;164107;104.240000000;2
RU000A0JXQ93;0;20190128;164549;104.240000000;1
RU000A0JXQ93;0;20190128;171938;104.390000000;3
RU000A0JXQ93;0;20190128;171938;104.400000000;25
RU000A0JXQ93;0;20190128;171938;104.450000000;5
RU000A0JXQ93;0;20190128;172320;104.450000000;25
RU000A0JXQ93;0;20190128;173954;104.260000000;10
RU000A0JXQ93;0;20190128;173954;104.250000000;10
RU000A0JXQ93;0;20190129;100448;104.120000000;1
RU000A0JXQ93;0;20190129;100948;104.130000000;3
RU000A0JXQ93;0;20190129;101033;104.130000000;11
RU000A0JXQ93;0;20190129;101043;104.130000000;5
RU000A0JXQ93;0;20190129;101524;104.120000000;14
RU000A0JXQ93;0;20190129;101524;104.120000000;16
RU000A0JXQ93;0;20190129;101646;104.130000000;14
RU000A0JXQ93;0;20190129;102058;104.120000000;14
RU000A0JXQ93;0;20190129;102116;104.130000000;10
RU000A0JXQ93;0;20190129;102211;104.130000000;2
RU000A0JXQ93;0;20190129;103428;104.130000000;5
RU000A0JXQ93;0;20190129;105303;104.130000000;1
RU000A0JXQ93;0;20190129;105319;104.130000000;85
RU000A0JXQ93;0;20190129;105320;104.130000000;6
RU000A0JXQ93;0;20190129;110130;104.130000000;14
RU000A0JXQ93;0;20190129;110419;104.120000000;14
RU000A0JXQ93;0;20190129;112225;104.130000000;13
RU000A0JXQ93;0;20190129;112503;104.120000000;13
RU000A0JXQ93;0;20190129;113542;104.130000000;13
RU000A0JXQ93;0;20190129;114600;104.120000000;9
RU000A0JXQ93;0;20190129;115325;104.010000000;1
RU000A0JXQ93;0;20190129;120554;104.120000000;4
RU000A0JXQ93;0;20190129;120554;104.130000000;96
RU000A0JXQ93;0;20190129;121219;104.130000000;1
RU000A0JXQ93;0;20190129;123400;104.130000000;6
RU000A0JXQ93;0;20190129;132215;104.130000000;5
RU000A0JXQ93;0;20190129;132215;104.130000000;20
RU000A0JXQ93;0;20190129;135719;104.410000000;10
RU000A0JXQ93;0;20190129;135719;104.450000000;1
RU000A0JXQ93;0;20190129;135719;104.490000000;9
RU000A0JXQ93;0;20190129;141421;104.220000000;1
RU000A0JXQ93;0;20190129;143910;104.480000000;1
RU000A0JXQ93;0;20190129;143910;104.490000000;17
RU000A0JXQ93;0;20190129;145649;104.400000000;25
RU000A0JXQ93;0;20190129;161956;104.240000000;11
RU000A0JXQ93;0;20190129;161956;104.230000000;14
RU000A0JXQ93;0;20190129;161956;104.130000000;2
RU000A0JXQ93;0;20190129;161956;104.110000000;20
RU000A0JXQ93;0;20190129;161956;104.100000000;47
RU000A0JXQ93;0;20190129;162431;104.370000000;11
RU000A0JXQ93;0;20190129;162431;104.380000000;14
RU000A0JXQ93;0;20190129;162431;104.400000000;75
RU000A0JXQ93;0;20190129;170044;104.400000000;2
RU000A0JXQ93;0;20190129;181534;104.250000000;5
RU000A0JXQ93;0;20190129;182924;104.250000000;10
RU000A0JXQ93;0;20190130;100510;104.830000000;10
RU000A0JXQ93;0;20190130;100510;104.830000000;30
RU000A0JXQ93;0;20190130;102243;104.140000000;13
RU000A0JXQ93;0;20190130;102243;104.120000000;7
RU000A0JXQ93;0;20190130;102814;104.110000000;4
RU000A0JXQ93;0;20190130;102814;104.390000000;2
RU000A0JXQ93;0;20190130;103149;104.390000000;1
RU000A0JXQ93;0;20190130;114905;104.370000000;5
RU000A0JXQ93;0;20190130;120104;104.250000000;20
RU000A0JXQ93;0;20190130;121634;104.370000000;5
RU000A0JXQ93;0;20190130;122249;104.380000000;10
RU000A0JXQ93;0;20190130;130051;104.390000000;1
RU000A0JXQ93;0;20190130;130135;104.390000000;1
RU000A0JXQ93;0;20190130;134957;104.390000000;3
RU000A0JXQ93;0;20190130;141337;104.300000000;1
RU000A0JXQ93;0;20190130;141420;104.310000000;13
RU000A0JXQ93;0;20190130;141420;104.300000000;21
RU000A0JXQ93;0;20190130;141420;104.300000000;1
RU000A0JXQ93;0;20190130;141420;104.250000000;10
RU000A0JXQ93;0;20190130;141420;104.230000000;30
RU000A0JXQ93;0;20190130;141420;104.150000000;24
RU000A0JXQ93;0;20190130;141850;104.210000000;10
RU000A0JXQ93;0;20190130;144154;104.350000000;10
RU000A0JXQ93;0;20190130;160901;104.350000000;3
RU000A0JXQ93;0;20190130;160901;104.360000000;1
RU000A0JXQ93;0;20190130;161714;104.360000000;1
RU000A0JXQ93;0;20190130;162915;104.260000000;13
RU000A0JXQ93;0;20190130;162915;104.250000000;12
RU000A0JXQ93;0;20190130;163339;104.250000000;3
RU000A0JXQ93;0;20190130;173254;104.360000000;8
RU000A0JXQ93;0;20190130;173254;104.360000000;2
RU000A0JXQ93;0;20190130;174519;104.360000000;1
RU000A0JXQ93;0;20190130;180954;104.310000000;48
RU000A0JXQ93;0;20190130;181826;104.330000000;11
RU000A0JXQ93;0;20190130;181826;104.340000000;18
RU000A0JXQ93;0;20190130;182339;104.340000000;5
RU000A0JXQ93;0;20190130;183553;104.310000000;27
RU000A0JXQ93;0;20190131;100249;104.370000000;2
RU000A0JXQ93;0;20190131;100326;104.380000000;20
RU000A0JXQ93;0;20190131;100338;104.380000000;13
RU000A0JXQ93;0;20190131;100405;104.380000000;3
RU000A0JXQ93;0;20190131;102640;104.350000000;5
RU000A0JXQ93;0;20190131;103854;104.210000000;2
RU000A0JXQ93;0;20190131;105759;104.210000000;30
RU000A0JXQ93;0;20190131;105802;104.360000000;2
RU000A0JXQ93;0;20190131;110526;104.370000000;6
RU000A0JXQ93;0;20190131;112059;104.390000000;1
RU000A0JXQ93;0;20190131;112104;104.390000000;6
RU000A0JXQ93;0;20190131;112842;104.360000000;97
RU000A0JXQ93;0;20190131;112913;104.220000000;3
RU000A0JXQ93;0;20190131;113158;104.360000000;6
RU000A0JXQ93;0;20190131;113158;104.370000000;3
RU000A0JXQ93;0;20190131;113158;104.390000000;163
RU000A0JXQ93;0;20190131;113158;104.400000000;328
RU000A0JXQ93;0;20190131;114611;104.400000000;4
RU000A0JXQ93;0;20190131;115200;104.240000000;14
RU000A0JXQ93;0;20190131;115200;104.230000000;20
RU000A0JXQ93;0;20190131;115230;104.220000000;154
RU000A0JXQ93;0;20190131;115827;104.230000000;5
RU000A0JXQ93;0;20190131;120228;104.230000000;13
RU000A0JXQ93;0;20190131;121512;104.380000000;10
RU000A0JXQ93;0;20190131;121703;104.380000000;3
RU000A0JXQ93;0;20190131;121703;104.390000000;14
RU000A0JXQ93;0;20190131;121703;104.390000000;89
RU000A0JXQ93;0;20190131;121703;104.400000000;207
RU000A0JXQ93;0;20190131;122113;104.390000000;14
RU000A0JXQ93;0;20190131;122113;104.380000000;13
RU000A0JXQ93;0;20190131;122140;104.230000000;15
RU000A0JXQ93;0;20190131;122140;104.220000000;458
RU000A0JXQ93;0;20190131;123049;104.570000000;1
RU000A0JXQ93;0;20190131;123156;104.230000000;14
RU000A0JXQ93;0;20190131;125846;104.440000000;28
RU000A0JXQ93;0;20190131;125846;104.450000000;2
RU000A0JXQ93;0;20190131;130548;104.230000000;13
RU000A0JXQ93;0;20190131;131013;104.300000000;100
RU000A0JXQ93;0;20190131;135006;104.440000000;4
RU000A0JXQ93;0;20190131;151833;104.430000000;5
RU000A0JXQ93;0;20190131;151925;104.440000000;1
RU000A0JXQ93;0;20190131;151925;104.440000000;9
RU000A0JXQ93;0;20190131;151925;104.450000000;25
RU000A0JXQ93;0;20190131;151925;104.460000000;30
RU000A0JXQ93;0;20190131;151925;104.580000000;100
RU000A0JXQ93;0;20190131;151925;104.650000000;150
RU000A0JXQ93;0;20190131;152008;104.730000000;9
RU000A0JXQ93;0;20190131;152008;104.740000000;1
RU000A0JXQ93;0;20190131;152034;104.740000000;60
RU000A0JXQ93;0;20190131;153525;104.460000000;10
RU000A0JXQ93;0;20190131;163348;104.760000000;1
RU000A0JXQ93;0;20190131;163348;104.760000000;10
RU000A0JXQ93;0;20190131;163348;104.780000000;95
RU000A0JXQ93;0;20190131;163348;104.790000000;100
RU000A0JXQ93;0;20190131;163348;104.790000000;294
RU000A0JXQ93;0;20190131;170856;104.630000000;14
RU000A0JXQ93;0;20190131;170856;104.320000000;400
RU000A0JXQ93;0;20190131;170856;104.310000000;2113
RU000A0JXQ93;0;20190131;170856;104.310000000;1770
RU000A0JXQ93;0;20190131;172539;104.310000000;8
RU000A0JXQ93;0;20190131;172616;104.310000000;6
RU000A0JXQ93;0;20190131;173107;104.310000000;1
RU000A0JXQ93;0;20190131;175602;104.310000000;1
RU000A0JXQ93;0;20190131;180315;104.310000000;60
RU000A0JXQ93;0;20190131;183435;104.310000000;3
RU000A0JXQ93;0;20190131;184420;104.250000000;1
RU000A0JXQ93;0;20190131;184420;104.250000000;2
RU000A0JXQ93;0;20190201;104338;104.230000000;1
RU000A0JXQ93;0;20190201;104723;104.230000000;1
RU000A0JXQ93;0;20190201;110002;104.560000000;1
RU000A0JXQ93;0;20190201;111043;104.300000000;10
RU000A0JXQ93;0;20190201;112912;104.290000000;1
RU000A0JXQ93;0;20190201;112912;104.300000000;2
RU000A0JXQ93;0;20190201;114509;104.300000000;1
RU000A0JXQ93;0;20190201;115300;104.250000000;95
RU000A0JXQ93;0;20190201;115429;104.220000000;5
RU000A0JXQ93;0;20190201;121208;104.300000000;1
RU000A0JXQ93;0;20190201;123435;104.300000000;1
RU000A0JXQ93;0;20190201;123617;104.100000000;1
RU000A0JXQ93;0;20190201;123617;104.010000000;1
RU000A0JXQ93;0;20190201;123725;104.300000000;1
RU000A0JXQ93;0;20190201;124939;104.300000000;25
RU000A0JXQ93;0;20190201;125646;104.300000000;2
RU000A0JXQ93;0;20190201;130301;104.110000000;13
RU000A0JXQ93;0;20190201;130301;104.100000000;10
RU000A0JXQ93;0;20190201;130301;104.100000000;9
RU000A0JXQ93;0;20190201;132442;104.030000000;5
RU000A0JXQ93;0;20190201;140215;104.050000000;3
RU000A0JXQ93;0;20190201;140859;104.190000000;10
RU000A0JXQ93;0;20190201;143515;104.190000000;3
RU000A0JXQ93;0;20190201;143515;104.200000000;22
RU000A0JXQ93;0;20190201;143515;104.290000000;1
RU000A0JXQ93;0;20190201;143515;104.300000000;4
RU000A0JXQ93;0;20190201;150944;104.300000000;4
RU000A0JXQ93;0;20190201;151624;104.300000000;1
RU000A0JXQ93;0;20190201;152110;104.200000000;1
RU000A0JXQ93;0;20190201;152204;104.300000000;22
RU000A0JXQ93;0;20190201;153025;104.200000000;1
RU000A0JXQ93;0;20190201;154441;104.300000000;1
RU000A0JXQ93;0;20190201;154513;104.300000000;4
RU000A0JXQ93;0;20190201;155611;104.300000000;1
RU000A0JXQ93;0;20190201;161257;104.300000000;1
RU000A0JXQ93;0;20190201;161409;104.300000000;1
RU000A0JXQ93;0;20190201;161433;104.300000000;2
RU000A0JXQ93;0;20190201;161513;104.300000000;1
RU000A0JXQ93;0;20190201;161602;104.300000000;2
RU000A0JXQ93;0;20190201;161721;104.300000000;1
RU000A0JXQ93;0;20190201;162047;104.200000000;3
RU000A0JXQ93;0;20190201;162134;104.300000000;18
RU000A0JXQ93;0;20190201;162336;104.300000000;3
RU000A0JXQ93;0;20190201;162812;104.300000000;31
RU000A0JXQ93;0;20190201;162815;104.300000000;7
RU000A0JXQ93;0;20190201;163831;104.300000000;1
RU000A0JXQ93;0;20190201;164444;104.300000000;1
RU000A0JXQ93;0;20190201;165553;104.300000000;1
RU000A0JXQ93;0;20190201;165928;104.300000000;1
RU000A0JXQ93;0;20190201;170432;104.300000000;3
RU000A0JXQ93;0;20190201;170704;104.300000000;1
RU000A0JXQ93;0;20190201;171124;104.300000000;30
RU000A0JXQ93;0;20190201;171312;104.300000000;2
RU000A0JXQ93;0;20190201;171517;104.300000000;2
RU000A0JXQ93;0;20190201;172652;104.210000000;13
RU000A0JXQ93;0;20190201;173202;104.200000000;13
RU000A0JXQ93;0;20190201;174011;104.210000000;8
RU000A0JXQ93;0;20190201;174502;104.290000000;5
RU000A0JXQ93;0;20190201;174526;104.290000000;3
RU000A0JXQ93;0;20190201;174526;104.300000000;27
RU000A0JXQ93;0;20190201;175708;104.300000000;10
RU000A0JXQ93;0;20190201;180023;104.300000000;6
RU000A0JXQ93;0;20190201;180822;104.300000000;5
RU000A0JXQ93;0;20190201;182334;104.300000000;2
RU000A0JXQ93;0;20190201;182947;104.300000000;1
RU000A0JXQ93;0;20190201;183213;104.300000000;1
RU000A0JXQ93;0;20190201;183733;104.300000000;1
RU000A0JXQ93;0;20190201;183735;104.300000000;2
RU000A0JXQ93;0;20190201;184040;104.300000000;10
RU000A0JXQ93;0;20190204;101306;104.210000000;13
RU000A0JXQ93;0;20190204;101306;104.200000000;7
RU000A0JXQ93;0;20190204;102439;104.300000000;1
RU000A0JXQ93;0;20190204;103745;104.290000000;13
RU000A0JXQ93;0;20190204;103906;104.280000000;3
RU000A0JXQ93;0;20190204;104534;104.280000000;2
RU000A0JXQ93;0;20190204;105247;104.280000000;20
RU000A0JXQ93;0;20190204;111430;104.280000000;23
RU000A0JXQ93;0;20190204;112434;104.270000000;50
RU000A0JXQ93;0;20190204;112953;104.280000000;10
RU000A0JXQ93;0;20190204;113157;104.270000000;3
RU000A0JXQ93;0;20190204;113332;104.280000000;15
RU000A0JXQ93;0;20190204;114524;104.280000000;10
RU000A0JXQ93;0;20190204;114945;104.280000000;1
RU000A0JXQ93;0;20190204;120815;104.280000000;13
RU000A0JXQ93;0;20190204;121157;104.270000000;20
RU000A0JXQ93;0;20190204;121604;104.270000000;49
RU000A0JXQ93;0;20190204;121945;104.280000000;15
RU000A0JXQ93;0;20190204;122033;104.270000000;13
RU000A0JXQ93;0;20190204;123708;104.280000000;13
RU000A0JXQ93;0;20190204;124205;104.280000000;1
RU000A0JXQ93;0;20190204;125542;104.270000000;13
RU000A0JXQ93;0;20190204;125548;104.280000000;117
RU000A0JXQ93;0;20190204;125548;104.280000000;5
RU000A0JXQ93;0;20190204;125548;104.290000000;12
RU000A0JXQ93;0;20190204;125548;104.300000000;1
RU000A0JXQ93;0;20190204;125548;104.300000000;1350
RU000A0JXQ93;0;20190204;130126;104.300000000;5
RU000A0JXQ93;0;20190204;130143;104.300000000;1
RU000A0JXQ93;0;20190204;131010;104.300000000;38
RU000A0JXQ93;0;20190204;131159;104.300000000;3
RU000A0JXQ93;0;20190204;131348;104.300000000;5
RU000A0JXQ93;0;20190204;131927;104.300000000;4
RU000A0JXQ93;0;20190204;132324;104.300000000;10
RU000A0JXQ93;0;20190204;133159;104.300000000;2
RU000A0JXQ93;0;20190204;133201;104.270000000;6
RU000A0JXQ93;0;20190204;134317;104.300000000;130
RU000A0JXQ93;0;20190204;134346;104.300000000;10
RU000A0JXQ93;0;20190204;134818;104.300000000;190
RU000A0JXQ93;0;20190204;134850;104.270000000;5
RU000A0JXQ93;0;20190204;135450;104.300000000;10
RU000A0JXQ93;0;20190204;142411;104.270000000;50
RU000A0JXQ93;0;20190204;144134;104.300000000;2
RU000A0JXQ93;0;20190204;151032;104.300000000;4
RU000A0JXQ93;0;20190204;152607;104.300000000;10
RU000A0JXQ93;0;20190204;153533;104.280000000;1
RU000A0JXQ93;0;20190204;155322;104.280000000;1
RU000A0JXQ93;0;20190204;160749;104.300000000;10
RU000A0JXQ93;0;20190204;161109;104.300000000;5
RU000A0JXQ93;0;20190204;162419;104.280000000;5
RU000A0JXQ93;0;20190204;163223;104.300000000;2
RU000A0JXQ93;0;20190204;163940;104.300000000;50
RU000A0JXQ93;0;20190204;164541;104.300000000;1
RU000A0JXQ93;0;20190204;171829;104.270000000;3
RU000A0JXQ93;0;20190204;172343;104.300000000;3
RU000A0JXQ93;0;20190204;172452;104.300000000;3
RU000A0JXQ93;0;20190204;173120;104.270000000;3
RU000A0JXQ93;0;20190204;173216;104.300000000;50
RU000A0JXQ93;0;20190204;173403;104.280000000;3
RU000A0JXQ93;0;20190204;181023;104.270000000;100
RU000A0JXQ93;0;20190204;183335;104.270000000;3
RU000A0JXQ93;0;20190204;183755;104.270000000;3
RU000A0JXQ93;0;20190205;100310;104.880000000;3
RU000A0JXQ93;0;20190205;100310;104.880000000;4
RU000A0JXQ93;0;20190205;104027;104.190000000;1
RU000A0JXQ93;0;20190205;105333;104.190000000;15
RU000A0JXQ93;0;20190205;111626;104.190000000;61
RU000A0JXQ93;0;20190205;113421;104.190000000;1
RU000A0JXQ93;0;20190205;114051;104.190000000;8
RU000A0JXQ93;0;20190205;114220;104.190000000;3
RU000A0JXQ93;0;20190205;114320;104.030000000;1
RU000A0JXQ93;0;20190205;114829;104.190000000;20
RU000A0JXQ93;0;20190205;115021;104.190000000;2
RU000A0JXQ93;0;20190205;115021;104.190000000;18
RU000A0JXQ93;0;20190205;121217;104.190000000;26
RU000A0JXQ93;0;20190205;121217;104.300000000;4
RU000A0JXQ93;0;20190205;122736;104.300000000;220
RU000A0JXQ93;0;20190205;123051;104.140000000;14
RU000A0JXQ93;0;20190205;123051;104.030000000;1
RU000A0JXQ93;0;20190205;125449;104.300000000;1
RU000A0JXQ93;0;20190205;131219;104.300000000;2
RU000A0JXQ93;0;20190205;140200;104.040000000;1
RU000A0JXQ93;0;20190205;141543;104.260000000;1
RU000A0JXQ93;0;20190205;141543;104.260000000;1
RU000A0JXQ93;0;20190205;141543;104.270000000;8
RU000A0JXQ93;0;20190205;141628;104.270000000;1
RU000A0JXQ93;0;20190205;141832;104.270000000;20
RU000A0JXQ93;0;20190205;145041;104.040000000;2
RU000A0JXQ93;0;20190205;150043;104.260000000;2
RU000A0JXQ93;0;20190205;150043;104.270000000;3
RU000A0JXQ93;0;20190205;151901;104.270000000;10
RU000A0JXQ93;0;20190205;152423;104.270000000;1
RU000A0JXQ93;0;20190205;154325;104.270000000;1
RU000A0JXQ93;0;20190205;155304;104.270000000;1
RU000A0JXQ93;0;20190205;155304;104.290000000;9
RU000A0JXQ93;0;20190205;161455;104.040000000;12
RU000A0JXQ93;0;20190205;161455;104.030000000;16
RU000A0JXQ93;0;20190205;162836;104.270000000;5
RU000A0JXQ93;0;20190205;164814;104.100000000;5
RU000A0JXQ93;0;20190205;165000;104.280000000;16
RU000A0JXQ93;0;20190205;165000;104.290000000;74
RU000A0JXQ93;0;20190205;165102;104.030000000;20
RU000A0JXQ93;0;20190205;165102;104.020000000;50
RU000A0JXQ93;0;20190205;165102;104.020000000;100
RU000A0JXQ93;0;20190205;165102;104.010000000;120
RU000A0JXQ93;0;20190205;165426;104.280000000;2
RU000A0JXQ93;0;20190205;171643;104.060000000;1
RU000A0JXQ93;0;20190205;172717;104.270000000;1
RU000A0JXQ93;0;20190205;182501;104.240000000;1
RU000A0JXQ93;0;20190206;101857;104.520000000;1
RU000A0JXQ93;0;20190206;102139;104.460000000;2
RU000A0JXQ93;0;20190206;102231;104.470000000;6
RU000A0JXQ93;0;20190206;102231;104.480000000;2
RU000A0JXQ93;0;20190206;103217;104.460000000;20
RU000A0JXQ93;0;20190206;103217;104.470000000;18
RU000A0JXQ93;0;20190206;104821;104.470000000;1
RU000A0JXQ93;0;20190206;104852;104.470000000;1
RU000A0JXQ93;0;20190206;105259;104.100000000;4
RU000A0JXQ93;0;20190206;105259;104.090000000;1
RU000A0JXQ93;0;20190206;110312;104.460000000;4
RU000A0JXQ93;0;20190206;110312;104.460000000;1
RU000A0JXQ93;0;20190206;110435;104.470000000;5
RU000A0JXQ93;0;20190206;110728;104.470000000;1
RU000A0JXQ93;0;20190206;111037;104.470000000;7
RU000A0JXQ93;0;20190206;111037;104.480000000;23
RU000A0JXQ93;0;20190206;111037;104.490000000;40
RU000A0JXQ93;0;20190206;111735;104.490000000;60
RU000A0JXQ93;0;20190206;111735;104.490000000;150
RU000A0JXQ93;0;20190206;115251;104.500000000;30
RU000A0JXQ93;0;20190206;115512;104.500000000;2
RU000A0JXQ93;0;20190206;121438;104.300000000;1
RU000A0JXQ93;0;20190206;140629;104.340000000;3
RU000A0JXQ93;0;20190206;140725;104.350000000;8
RU000A0JXQ93;0;20190206;142254;104.480000000;3
RU000A0JXQ93;0;20190206;142254;104.480000000;1
RU000A0JXQ93;0;20190206;142254;104.490000000;40
RU000A0JXQ93;0;20190206;142254;104.500000000;63
RU000A0JXQ93;0;20190206;142254;104.520000000;50
RU000A0JXQ93;0;20190206;142254;104.550000000;113
RU000A0JXQ93;0;20190206;142421;104.540000000;2
RU000A0JXQ93;0;20190206;145554;104.540000000;3
RU000A0JXQ93;0;20190206;151357;104.590000000;3
RU000A0JXQ93;0;20190206;152637;104.380000000;4
RU000A0JXQ93;0;20190206;152637;104.370000000;14
RU000A0JXQ93;0;20190206;152637;104.330000000;2
RU000A0JXQ93;0;20190206;153150;104.550000000;4
RU000A0JXQ93;0;20190206;153150;104.560000000;14
RU000A0JXQ93;0;20190206;153150;104.570000000;2
RU000A0JXQ93;0;20190206;153150;104.590000000;10
RU000A0JXQ93;0;20190206;162133;104.440000000;4
RU000A0JXQ93;0;20190206;162144;104.450000000;9
RU000A0JXQ93;0;20190206;170425;104.580000000;13
RU000A0JXQ93;0;20190206;170425;104.590000000;90
RU000A0JXQ93;0;20190206;170425;104.650000000;20
RU000A0JXQ93;0;20190206;170425;104.830000000;100
RU000A0JXQ93;0;20190206;170508;104.850000000;200
RU000A0JXQ93;0;20190206;170550;104.850000000;36
RU000A0JXQ93;0;20190206;172938;104.790000000;48
RU000A0JXQ93;0;20190206;174909;104.630000000;14
RU000A0JXQ93;0;20190206;174909;104.620000000;13
RU000A0JXQ93;0;20190206;182458;104.590000000;13
RU000A0JXQ93;0;20190206;182458;104.590000000;7
RU000A0JXQ93;0;20190207;100956;104.790000000;5
RU000A0JXQ93;0;20190207;101226;104.790000000;8
RU000A0JXQ93;0;20190207;113624;104.530000000;14
RU000A0JXQ93;0;20190207;113624;104.520000000;9
RU000A0JXQ93;0;20190207;113750;104.450000000;4
RU000A0JXQ93;0;20190207;114245;104.500000000;1
RU000A0JXQ93;0;20190207;125308;104.440000000;5
RU000A0JXQ93;0;20190207;125308;104.440000000;10
RU000A0JXQ93;0;20190207;134110;104.430000000;5
RU000A0JXQ93;0;20190207;134629;104.430000000;3
RU000A0JXQ93;0;20190207;143236;104.320000000;23
RU000A0JXQ93;0;20190207;171306;104.310000000;10
RU000A0JXQ93;0;20190207;171313;104.430000000;6
RU000A0JXQ93;0;20190207;173732;104.430000000;11
RU000A0JXQ93;0;20190207;174351;104.310000000;10
RU000A0JXQ93;0;20190208;100222;104.050000000;1
RU000A0JXQ93;0;20190208;103435;104.310000000;1
RU000A0JXQ93;0;20190208;103435;104.310000000;20
RU000A0JXQ93;0;20190208;103435;104.310000000;15
RU000A0JXQ93;0;20190208;104417;104.300000000;1
RU000A0JXQ93;0;20190208;110051;104.300000000;1
RU000A0JXQ93;0;20190208;110116;104.060000000;1
RU000A0JXQ93;0;20190208;110622;104.300000000;26
RU000A0JXQ93;0;20190208;110622;104.310000000;34
RU000A0JXQ93;0;20190208;112534;104.300000000;1
RU000A0JXQ93;0;20190208;112605;104.310000000;9
RU000A0JXQ93;0;20190208;114703;104.310000000;15
RU000A0JXQ93;0;20190208;121122;104.060000000;13
RU000A0JXQ93;0;20190208;121122;104.050000000;12
RU000A0JXQ93;0;20190208;121122;104.030000000;1
RU000A0JXQ93;0;20190208;121122;104.030000000;10
RU000A0JXQ93;0;20190208;121122;104.020000000;80
RU000A0JXQ93;0;20190208;121122;104.010000000;32
RU000A0JXQ93;0;20190208;122849;104.300000000;1
RU000A0JXQ93;0;20190208;124958;104.300000000;12
RU000A0JXQ93;0;20190208;125230;104.310000000;10
RU000A0JXQ93;0;20190208;125715;104.310000000;10
RU000A0JXQ93;0;20190208;125715;104.340000000;80
RU000A0JXQ93;0;20190208;125715;104.350000000;35
RU000A0JXQ93;0;20190208;125715;104.490000000;1
RU000A0JXQ93;0;20190208;125715;104.490000000;10
RU000A0JXQ93;0;20190208;125715;104.500000000;42
RU000A0JXQ93;0;20190208;134219;104.480000000;1
RU000A0JXQ93;0;20190208;142743;104.400000000;1
RU000A0JXQ93;0;20190208;142924;104.050000000;1
RU000A0JXQ93;0;20190208;144024;104.390000000;1
RU000A0JXQ93;0;20190208;144024;104.400000000;49
RU000A0JXQ93;0;20190208;145853;104.400000000;3
RU000A0JXQ93;0;20190208;150248;104.400000000;1
RU000A0JXQ93;0;20190208;151723;104.400000000;2
RU000A0JXQ93;0;20190208;153022;104.390000000;10
RU000A0JXQ93;0;20190208;160707;104.390000000;58
RU000A0JXQ93;0;20190208;162544;104.390000000;5
RU000A0JXQ93;0;20190208;162544;104.400000000;1425
RU000A0JXQ93;0;20190208;163034;104.400000000;1
RU000A0JXQ93;0;20190208;163112;104.210000000;1
RU000A0JXQ93;0;20190208;164414;104.390000000;1
RU000A0JXQ93;0;20190208;164414;104.400000000;4
RU000A0JXQ93;0;20190208;170421;104.400000000;1
RU000A0JXQ93;0;20190208;172445;104.400000000;5
RU000A0JXQ93;0;20190208;182039;104.400000000;47
RU000A0JXQ93;0;20190211;101606;104.070000000;1
RU000A0JXQ93;0;20190211;101606;104.060000000;2
RU000A0JXQ93;0;20190211;102640;104.470000000;1
RU000A0JXQ93;0;20190211;102714;104.480000000;2
RU000A0JXQ93;0;20190211;102736;104.050000000;3
RU000A0JXQ93;0;20190211;102801;104.660000000;2
RU000A0JXQ93;0;20190211;102846;104.070000000;3
RU000A0JXQ93;0;20190211;102951;104.110000000;1
RU000A0JXQ93;0;20190211;103033;104.110000000;8
RU000A0JXQ93;0;20190211;103033;104.100000000;1
RU000A0JXQ93;0;20190211;103033;104.060000000;7
RU000A0JXQ93;0;20190211;103033;104.050000000;20
RU000A0JXQ93;0;20190211;103033;104.040000000;1
RU000A0JXQ93;0;20190211;103033;104.040000000;29
RU000A0JXQ93;0;20190211;103220;104.470000000;13
RU000A0JXQ93;0;20190211;103350;104.480000000;7
RU000A0JXQ93;0;20190211;103628;104.670000000;5
RU000A0JXQ93;0;20190211;104439;104.090000000;3
RU000A0JXQ93;0;20190211;112221;104.100000000;3
RU000A0JXQ93;0;20190211;121926;104.560000000;6
RU000A0JXQ93;0;20190211;121926;104.560000000;18
RU000A0JXQ93;0;20190211;122010;104.120000000;3
RU000A0JXQ93;0;20190211;124425;104.130000000;3
RU000A0JXQ93;0;20190211;124502;104.130000000;3
RU000A0JXQ93;0;20190211;124524;104.130000000;7
RU000A0JXQ93;0;20190211;124616;104.130000000;3
RU000A0JXQ93;0;20190211;124625;104.130000000;1
RU000A0JXQ93;0;20190211;131306;104.130000000;5
RU000A0JXQ93;0;20190211;131416;104.510000000;1
RU000A0JXQ93;0;20190211;133232;104.120000000;4
RU000A0JXQ93;0;20190211;133232;104.110000000;5
RU000A0JXQ93;0;20190211;133232;104.100000000;1
RU000A0JXQ93;0;20190211;133952;104.420000000;1
RU000A0JXQ93;0;20190211;134003;104.420000000;5
RU000A0JXQ93;0;20190211;151350;104.420000000;10
RU000A0JXQ93;0;20190211;153812;104.390000000;9
RU000A0JXQ93;0;20190211;153901;104.390000000;1
RU000A0JXQ93;0;20190211;162638;104.390000000;2
RU000A0JXQ93;0;20190211;162716;104.500000000;20
RU000A0JXQ93;0;20190211;162716;104.520000000;8
RU000A0JXQ93;0;20190211;164553;104.420000000;1
RU000A0JXQ93;0;20190211;164553;104.520000000;4
RU000A0JXQ93;0;20190211;164949;104.310000000;7
RU000A0JXQ93;0;20190211;165157;104.160000000;7
RU000A0JXQ93;0;20190211;170726;104.180000000;6
RU000A0JXQ93;0;20190211;170726;104.180000000;20
RU000A0JXQ93;0;20190211;170840;104.110000000;31
RU000A0JXQ93;0;20190211;170932;104.100000000;7
RU000A0JXQ93;0;20190211;172615;104.050000000;12
RU000A0JXQ93;0;20190211;174848;104.390000000;10
RU000A0JXQ93;0;20190211;175544;104.390000000;34
RU000A0JXQ93;0;20190211;175544;104.390000000;20
RU000A0JXQ93;0;20190211;175544;104.400000000;118
RU000A0JXQ93;0;20190212;100925;104.670000000;10
RU000A0JXQ93;0;20190212;102436;104.070000000;1
RU000A0JXQ93;0;20190212;102436;104.050000000;20
RU000A0JXQ93;0;20190212;102805;104.050000000;19
RU000A0JXQ93;0;20190212;110211;104.200000000;10
RU000A0JXQ93;0;20190212;111105;104.100000000;20
RU000A0JXQ93;0;20190212;111528;104.060000000;1
RU000A0JXQ93;0;20190212;114129;104.410000000;3
RU000A0JXQ93;0;20190212;123505;104.410000000;18
RU000A0JXQ93;0;20190212;123505;104.410000000;20
RU000A0JXQ93;0;20190212;123505;104.430000000;1
RU000A0JXQ93;0;20190212;123700;104.430000000;1
RU000A0JXQ93;0;20190212;123705;104.410000000;2
RU000A0JXQ93;0;20190212;125241;104.410000000;5
RU000A0JXQ93;0;20190212;125646;104.430000000;2
RU000A0JXQ93;0;20190212;140236;104.220000000;1
RU000A0JXQ93;0;20190212;140321;104.300000000;50
RU000A0JXQ93;0;20190212;141254;104.290000000;1
RU000A0JXQ93;0;20190212;141624;104.150000000;1
RU000A0JXQ93;0;20190212;143737;104.290000000;1
RU000A0JXQ93;0;20190212;152153;104.140000000;13
RU000A0JXQ93;0;20190212;152153;104.140000000;20
RU000A0JXQ93;0;20190212;152153;104.120000000;6
RU000A0JXQ93;0;20190212;152153;104.060000000;2
RU000A0JXQ93;0;20190212;152153;104.060000000;2
RU000A0JXQ93;0;20190212;152153;104.060000000;3
RU000A0JXQ93;0;20190212;152259;104.070000000;1
RU000A0JXQ93;0;20190212;161358;104.280000000;14
RU000A0JXQ93;0;20190212;161358;104.290000000;6
RU000A0JXQ93;0;20190212;162048;104.290000000;4
RU000A0JXQ93;0;20190212;170805;104.290000000;10
RU000A0JXQ93;0;20190212;182614;104.110000000;1
RU000A0JXQ93;0;20190213;101435;104.300000000;937
RU000A0JXQ93;0;20190213;101459;104.660000000;20
RU000A0JXQ93;0;20190213;101459;104.670000000;13
RU000A0JXQ93;0;20190213;101459;104.680000000;15
RU000A0JXQ93;0;20190213;101459;104.840000000;47
RU000A0JXQ93;0;20190213;101459;104.840000000;1
RU000A0JXQ93;0;20190213;101459;104.850000000;400
RU000A0JXQ93;0;20190213;101522;104.900000000;200
RU000A0JXQ93;0;20190213;101544;104.950000000;300
RU000A0JXQ93;0;20190213;101601;104.950000000;66
RU000A0JXQ93;0;20190213;103417;104.800000000;100
RU000A0JXQ93;0;20190213;105842;104.450000000;2
RU000A0JXQ93;0;20190213;105942;104.780000000;2
RU000A0JXQ93;0;20190213;105956;104.780000000;70
RU000A0JXQ93;0;20190213;110118;104.780000000;28
RU000A0JXQ93;0;20190213;110252;104.790000000;9
RU000A0JXQ93;0;20190213;111006;104.790000000;4
RU000A0JXQ93;0;20190213;114019;104.700000000;8
RU000A0JXQ93;0;20190213;120344;104.510000000;1
RU000A0JXQ93;0;20190213;120401;104.510000000;8
RU000A0JXQ93;0;20190213;121647;104.780000000;1
RU000A0JXQ93;0;20190213;121647;104.780000000;14
RU000A0JXQ93;0;20190213;121647;104.790000000;15
RU000A0JXQ93;0;20190213;121841;104.780000000;3
RU000A0JXQ93;0;20190213;124542;104.550000000;6
RU000A0JXQ93;0;20190213;130717;104.550000000;14
RU000A0JXQ93;0;20190213;130717;104.540000000;9
RU000A0JXQ93;0;20190213;130824;104.440000000;33
RU000A0JXQ93;0;20190213;130824;104.440000000;20
RU000A0JXQ93;0;20190213;131541;104.420000000;20
RU000A0JXQ93;0;20190213;133739;104.300000000;20
RU000A0JXQ93;0;20190213;135705;104.120000000;17
RU000A0JXQ93;0;20190213;135705;104.110000000;28
RU000A0JXQ93;0;20190213;143539;104.490000000;1
RU000A0JXQ93;0;20190213;150512;104.470000000;63
RU000A0JXQ93;0;20190213;150512;104.480000000;1
RU000A0JXQ93;0;20190213;150512;104.490000000;9
RU000A0JXQ93;0;20190213;151309;104.490000000;7
RU000A0JXQ93;0;20190213;154815;104.400000000;10
RU000A0JXQ93;0;20190213;171114;104.400000000;10
RU000A0JXQ93;0;20190213;172558;104.130000000;14
RU000A0JXQ93;0;20190214;101629;104.480000000;2
RU000A0JXQ93;0;20190214;102527;104.160000000;1
RU000A0JXQ93;0;20190214;102545;104.150000000;6
RU000A0JXQ93;0;20190214;102914;104.070000000;10
RU000A0JXQ93;0;20190214;105200;104.280000000;1
RU000A0JXQ93;0;20190214;105200;104.300000000;9
RU000A0JXQ93;0;20190214;105335;104.290000000;23
RU000A0JXQ93;0;20190214;105335;104.300000000;7
RU000A0JXQ93;0;20190214;111330;104.300000000;3
RU000A0JXQ93;0;20190214;112303;104.300000000;40
RU000A0JXQ93;0;20190214;130800;104.250000000;95
RU000A0JXQ93;0;20190214;130800;104.300000000;5
RU000A0JXQ93;0;20190214;134552;104.300000000;33
RU000A0JXQ93;0;20190214;135247;104.300000000;1
RU000A0JXQ93;0;20190214;135330;104.300000000;1
RU000A0JXQ93;0;20190214;135649;104.300000000;30
RU000A0JXQ93;0;20190214;144019;104.300000000;14
RU000A0JXQ93;0;20190214;144248;104.090000000;10
RU000A0JXQ93;0;20190214;144449;104.090000000;2
RU000A0JXQ93;0;20190214;151258;104.090000000;1
RU000A0JXQ93;0;20190214;151258;104.080000000;5
RU000A0JXQ93;0;20190214;151258;104.070000000;5
RU000A0JXQ93;0;20190214;151258;104.070000000;10
RU000A0JXQ93;0;20190214;151633;104.060000000;10
RU000A0JXQ93;0;20190214;154845;104.290000000;9
RU000A0JXQ93;0;20190214;163016;104.290000000;1
RU000A0JXQ93;0;20190214;165120;104.070000000;5
RU000A0JXQ93;0;20190214;173350;104.070000000;6
RU000A0JXQ93;0;20190214;173353;104.060000000;8
RU000A0JXQ93;0;20190214;173628;104.070000000;13
RU000A0JXQ93;0;20190214;173746;104.070000000;10
RU000A0JXQ93;0;20190214;173821;104.070000000;1
RU000A0JXQ93;0;20190214;174148;104.060000000;12
RU000A0JXQ93;0;20190214;174148;104.060000000;1
RU000A0JXQ93;0;20190214;174701;104.070000000;2
RU000A0JXQ93;0;20190214;174701;104.300000000;6
RU000A0JXQ93;0;20190214;174701;104.380000000;56
RU000A0JXQ93;0;20190214;174701;104.390000000;36
RU000A0JXQ93;0;20190215;101120;104.150000000;5
RU000A0JXQ93;0;20190215;101120;104.390000000;14
RU000A0JXQ93;0;20190215;102408;104.060000000;1
RU000A0JXQ93;0;20190215;102422;104.390000000;6
RU000A0JXQ93;0;20190215;102439;104.390000000;17
RU000A0JXQ93;0;20190215;102836;104.390000000;2
RU000A0JXQ93;0;20190215;103810;104.300000000;1
RU000A0JXQ93;0;20190215;103810;104.390000000;9
RU000A0JXQ93;0;20190215;105806;104.070000000;12
RU000A0JXQ93;0;20190215;130948;104.070000000;1
RU000A0JXQ93;0;20190215;130948;104.060000000;3
RU000A0JXQ93;0;20190215;130948;104.060000000;1
RU000A0JXQ93;0;20190215;131010;104.290000000;12
RU000A0JXQ93;0;20190215;131010;104.300000000;28
RU000A0JXQ93;0;20190215;131123;104.290000000;1
RU000A0JXQ93;0;20190215;131123;104.300000000;6
RU000A0JXQ93;0;20190215;131123;104.380000000;3
RU000A0JXQ93;0;20190215;143911;104.380000000;92
RU000A0JXQ93;0;20190215;143911;104.390000000;302
RU000A0JXQ93;0;20190215;143911;104.390000000;10
RU000A0JXQ93;0;20190215;144620;104.400000000;5
RU000A0JXQ93;0;20190215;144959;104.390000000;30
RU000A0JXQ93;0;20190215;152055;104.400000000;5
RU000A0JXQ93;0;20190215;152144;104.400000000;1
RU000A0JXQ93;0;20190215;152200;104.390000000;6
RU000A0JXQ93;0;20190215;152916;104.400000000;1
RU000A0JXQ93;0;20190215;153343;104.400000000;13
RU000A0JXQ93;0;20190215;153703;104.400000000;15
RU000A0JXQ93;0;20190215;154047;104.390000000;23
RU000A0JXQ93;0;20190215;154316;104.390000000;28
RU000A0JXQ93;0;20190215;154910;104.400000000;20
RU000A0JXQ93;0;20190215;154951;104.400000000;9
RU000A0JXQ93;0;20190215;155110;104.400000000;20
RU000A0JXQ93;0;20190215;155118;104.400000000;13
RU000A0JXQ93;0;20190215;160534;104.390000000;13
RU000A0JXQ93;0;20190215;162845;104.400000000;13
RU000A0JXQ93;0;20190215;165145;104.390000000;13
RU000A0JXQ93;0;20190215;170251;104.390000000;1
RU000A0JXQ93;0;20190215;171339;104.390000000;9
RU000A0JXQ93;0;20190215;171339;104.400000000;31
RU000A0JXQ93;0;20190215;172917;104.400000000;40
RU000A0JXQ93;0;20190215;173314;104.100000000;9
RU000A0JXQ93;0;20190215;183337;104.390000000;9
RU000A0JXQ93;0;20190215;183402;104.400000000;3
RU000A0JXQ93;0;20190218;095959;102.220000000;10
RU000A0JXQ93;0;20190218;095959;102.220000000;1
RU000A0JXQ93;0;20190218;095959;102.220000000;1
RU000A0JXQ93;0;20190218;095959;102.220000000;1
RU000A0JXQ93;0;20190218;095959;102.220000000;1
RU000A0JXQ93;0;20190218;095959;102.220000000;1
RU000A0JXQ93;0;20190218;100003;100.850000000;10
RU000A0JXQ93;0;20190218;100003;100.850000000;5
RU000A0JXQ93;0;20190218;100003;100.850000000;1
RU000A0JXQ93;0;20190218;100004;100.850000000;10
RU000A0JXQ93;0;20190218;100004;100.850000000;1
RU000A0JXQ93;0;20190218;100004;100.850000000;10
RU000A0JXQ93;0;20190218;100005;100.850000000;1
RU000A0JXQ93;0;20190218;100005;100.850000000;2
RU000A0JXQ93;0;20190218;100005;100.850000000;3
RU000A0JXQ93;0;20190218;100005;100.850000000;4
RU000A0JXQ93;0;20190218;100005;100.850000000;5
RU000A0JXQ93;0;20190218;100005;100.850000000;6
RU000A0JXQ93;0;20190218;100005;100.850000000;7
RU000A0JXQ93;0;20190218;100005;100.850000000;8
RU000A0JXQ93;0;20190218;100011;100.850000000;412
RU000A0JXQ93;0;20190218;100248;105.380000000;1
RU000A0JXQ93;0;20190218;100611;104.490000000;3
RU000A0JXQ93;0;20190218;101120;104.100000000;6
RU000A0JXQ93;0;20190218;101246;103.130000000;13
RU000A0JXQ93;0;20190218;101246;103.120000000;1
RU000A0JXQ93;0;20190218;101246;103.110000000;6
RU000A0JXQ93;0;20190218;101558;104.090000000;1
RU000A0JXQ93;0;20190218;102120;104.090000000;12
RU000A0JXQ93;0;20190218;102121;104.000000000;4
RU000A0JXQ93;0;20190218;102129;104.000000000;402
RU000A0JXQ93;0;20190218;103051;104.380000000;6
RU000A0JXQ93;0;20190218;103051;104.440000000;2
RU000A0JXQ93;0;20190218;103051;104.490000000;7
RU000A0JXQ93;0;20190218;103051;104.490000000;7
RU000A0JXQ93;0;20190218;103051;104.500000000;78
RU000A0JXQ93;0;20190218;103447;104.500000000;1
RU000A0JXQ93;0;20190218;105302;104.490000000;1
RU000A0JXQ93;0;20190218;105516;104.500000000;9
RU000A0JXQ93;0;20190218;110540;104.490000000;9
RU000A0JXQ93;0;20190218;110721;104.490000000;9
RU000A0JXQ93;0;20190218;111451;104.120000000;10
RU000A0JXQ93;0;20190218;112210;104.470000000;10
RU000A0JXQ93;0;20190218;112210;104.480000000;10
RU000A0JXQ93;0;20190218;113745;104.120000000;1
RU000A0JXQ93;0;20190218;125952;104.460000000;1
RU000A0JXQ93;0;20190218;130108;104.130000000;9
RU000A0JXQ93;0;20190218;134046;104.460000000;5
RU000A0JXQ93;0;20190218;135806;104.460000000;4
RU000A0JXQ93;0;20190218;135806;104.470000000;2
RU000A0JXQ93;0;20190218;135806;104.470000000;3
RU000A0JXQ93;0;20190218;135806;104.470000000;44
RU000A0JXQ93;0;20190218;135806;104.480000000;47
RU000A0JXQ93;0;20190218;141508;104.480000000;1
RU000A0JXQ93;0;20190218;143842;104.480000000;200
RU000A0JXQ93;0;20190218;144609;104.480000000;1
RU000A0JXQ93;0;20190218;150306;104.480000000;3
RU000A0JXQ93;0;20190218;155545;104.480000000;38
RU000A0JXQ93;0;20190218;155545;104.480000000;62
RU000A0JXQ93;0;20190218;163207;104.140000000;13
RU000A0JXQ93;0;20190218;163207;104.130000000;31
RU000A0JXQ93;0;20190218;163728;104.470000000;13
RU000A0JXQ93;0;20190218;163728;104.480000000;121
RU000A0JXQ93;0;20190218;163728;104.490000000;158
RU000A0JXQ93;0;20190218;164434;104.490000000;3
RU000A0JXQ93;0;20190218;170958;104.490000000;1
RU000A0JXQ93;0;20190218;173631;104.150000000;13
RU000A0JXQ93;0;20190218;173631;104.140000000;9
RU000A0JXQ93;0;20190218;173631;104.130000000;13
RU000A0JXQ93;0;20190218;173631;104.120000000;14
RU000A0JXQ93;0;20190218;174104;104.480000000;1
RU000A0JXQ93;0;20190218;174330;104.480000000;12
RU000A0JXQ93;0;20190218;174330;104.490000000;38
RU000A0JXQ93;0;20190218;174655;104.490000000;1
RU000A0JXQ93;0;20190218;174905;104.490000000;1
RU000A0JXQ93;0;20190218;181819;104.490000000;4
RU000A0JXQ93;0;20190218;182302;104.490000000;5
RU000A0JXQ93;0;20190219;100827;104.500000000;12
RU000A0JXQ93;0;20190219;100827;104.500000000;44
RU000A0JXQ93;0;20190219;100827;104.690000000;20
RU000A0JXQ93;0;20190219;100827;104.700000000;2
RU000A0JXQ93;0;20190219;101654;104.060000000;6
RU000A0JXQ93;0;20190219;101654;104.060000000;1
RU000A0JXQ93;0;20190219;101815;104.680000000;2
RU000A0JXQ93;0;20190219;102008;104.070000000;1
RU000A0JXQ93;0;20190219;103716;104.680000000;1
RU000A0JXQ93;0;20190219;104115;104.070000000;1
RU000A0JXQ93;0;20190219;110109;104.060000000;3
RU000A0JXQ93;0;20190219;111058;104.490000000;1
RU000A0JXQ93;0;20190219;115025;104.310000000;5
RU000A0JXQ93;0;20190219;115039;104.310000000;2
RU000A0JXQ93;0;20190219;115039;104.310000000;1
RU000A0JXQ93;0;20190219;115039;104.320000000;1
RU000A0JXQ93;0;20190219;123551;104.340000000;6
RU000A0JXQ93;0;20190219;125311;104.390000000;2
RU000A0JXQ93;0;20190219;144945;104.400000000;2
RU000A0JXQ93;0;20190219;145107;104.390000000;4
RU000A0JXQ93;0;20190219;145107;104.400000000;46
RU000A0JXQ93;0;20190219;165812;104.400000000;27
RU000A0JXQ93;0;20190219;172530;104.400000000;39
RU000A0JXQ93;0;20190219;173136;104.400000000;25
RU000A0JXQ93;0;20190220;100754;104.690000000;3
RU000A0JXQ93;0;20190220;101155;104.690000000;1
RU000A0JXQ93;0;20190220;101155;104.700000000;1
RU000A0JXQ93;0;20190220;103322;104.070000000;1
RU000A0JXQ93;0;20190220;103608;104.480000000;1
RU000A0JXQ93;0;20190220;103828;104.490000000;1
RU000A0JXQ93;0;20190220;120830;104.210000000;14
RU000A0JXQ93;0;20190220;120830;104.200000000;54
RU000A0JXQ93;0;20190220;120830;104.060000000;14
RU000A0JXQ93;0;20190220;120830;104.060000000;20
RU000A0JXQ93;0;20190220;120830;104.050000000;5
RU000A0JXQ93;0;20190220;120830;104.000000000;10
RU000A0JXQ93;0;20190220;120830;103.980000000;1
RU000A0JXQ93;0;20190220;120830;103.980000000;150
RU000A0JXQ93;0;20190220;120830;103.970000000;100
RU000A0JXQ93;0;20190220;120830;103.950000000;1
RU000A0JXQ93;0;20190220;120830;103.950000000;20
RU000A0JXQ93;0;20190220;121840;104.370000000;3
RU000A0JXQ93;0;20190220;124117;103.910000000;2
RU000A0JXQ93;0;20190220;124117;103.900000000;50
RU000A0JXQ93;0;20190220;124138;103.870000000;1
RU000A0JXQ93;0;20190220;124138;103.860000000;1
RU000A0JXQ93;0;20190220;124138;103.850000000;10
RU000A0JXQ93;0;20190220;124138;103.820000000;2
RU000A0JXQ93;0;20190220;124138;103.810000000;4
RU000A0JXQ93;0;20190220;133341;104.240000000;12
RU000A0JXQ93;0;20190220;133341;104.250000000;188
RU000A0JXQ93;0;20190220;134151;104.230000000;1
RU000A0JXQ93;0;20190220;140622;104.220000000;1
RU000A0JXQ93;0;20190220;145636;104.100000000;1
RU000A0JXQ93;0;20190220;150041;104.100000000;70
RU000A0JXQ93;0;20190220;150418;104.100000000;141
RU000A0JXQ93;0;20190220;154634;104.250000000;1
RU000A0JXQ93;0;20190220;175708;103.960000000;3
RU000A0JXQ93;0;20190220;180216;104.230000000;1
RU000A0JXQ93;0;20190220;181431;104.230000000;2
RU000A0JXQ93;0;20190220;181431;104.240000000;4
RU000A0JXQ93;0;20190220;181431;104.250000000;11
RU000A0JXQ93;0;20190220;181431;104.260000000;20
RU000A0JXQ93;0;20190220;181431;104.380000000;10
RU000A0JXQ93;0;20190220;181431;104.390000000;48
RU000A0JXQ93;0;20190220;181452;104.390000000;1
RU000A0JXQ93;0;20190221;103651;104.500000000;5
RU000A0JXQ93;0;20190221;103949;104.500000000;145
RU000A0JXQ93;0;20190221;103949;104.690000000;50
RU000A0JXQ93;0;20190221;105123;104.590000000;5
RU000A0JXQ93;0;20190221;110130;104.590000000;2
RU000A0JXQ93;0;20190221;110846;104.160000000;10
RU000A0JXQ93;0;20190221;110846;104.160000000;20
RU000A0JXQ93;0;20190221;110906;104.160000000;4
RU000A0JXQ93;0;20190221;110906;104.150000000;3
RU000A0JXQ93;0;20190221;110906;104.010000000;14
RU000A0JXQ93;0;20190221;114001;104.380000000;14
RU000A0JXQ93;0;20190221;114001;104.390000000;1
RU000A0JXQ93;0;20190221;114043;104.390000000;2
RU000A0JXQ93;0;20190221;114043;104.470000000;14
RU000A0JXQ93;0;20190221;114043;104.470000000;19
RU000A0JXQ93;0;20190221;125611;104.420000000;1
RU000A0JXQ93;0;20190221;125611;104.440000000;39
RU000A0JXQ93;0;20190221;130707;104.300000000;2
RU000A0JXQ93;0;20190221;130852;104.440000000;12
RU000A0JXQ93;0;20190221;133746;104.400000000;10
RU000A0JXQ93;0;20190221;161907;104.400000000;3
RU000A0JXQ93;0;20190221;165840;104.400000000;2
RU000A0JXQ93;0;20190221;174303;104.300000000;1
RU000A0JXQ93;0;20190221;174303;104.020000000;1
RU000A0JXQ93;0;20190221;174303;104.010000000;1
RU000A0JXQ93;0;20190221;175304;103.870000000;4
RU000A0JXQ93;0;20190221;180816;104.390000000;4
RU000A0JXQ93;0;20190221;180816;104.400000000;6
RU000A0JXQ93;0;20190222;100505;103.910000000;2
RU000A0JXQ93;0;20190222;101932;104.390000000;1
RU000A0JXQ93;0;20190222;101932;104.400000000;4
RU000A0JXQ93;0;20190222;102220;104.010000000;1
RU000A0JXQ93;0;20190222;104125;104.390000000;1
RU000A0JXQ93;0;20190222;104125;104.400000000;2
RU000A0JXQ93;0;20190222;104125;104.450000000;69
RU000A0JXQ93;0;20190222;112029;104.440000000;1
RU000A0JXQ93;0;20190222;112029;104.450000000;19
RU000A0JXQ93;0;20190222;112711;103.960000000;5
RU000A0JXQ93;0;20190222;113556;104.430000000;5
RU000A0JXQ93;0;20190222;113601;104.440000000;9
RU000A0JXQ93;0;20190222;114207;104.480000000;5
RU000A0JXQ93;0;20190222;114215;104.480000000;10
RU000A0JXQ93;0;20190222;124238;104.460000000;3
RU000A0JXQ93;0;20190222;154848;104.210000000;13
RU000A0JXQ93;0;20190222;154848;104.210000000;20
RU000A0JXQ93;0;20190222;154917;104.180000000;27
RU000A0JXQ93;0;20190222;171948;104.450000000;10
RU000A0JXQ93;0;20190222;173259;104.450000000;3
RU000A0JXQ93;0;20190222;173259;104.460000000;2
RU000A0JXQ93;0;20190222;173259;104.460000000;20
RU000A0JXQ93;0;20190222;173259;104.470000000;70
RU000A0JXQ93;0;20190222;180039;104.200000000;13
RU000A0JXQ93;0;20190222;180039;104.200000000;20
RU000A0JXQ93;0;20190222;180741;104.180000000;13
RU000A0JXQ93;0;20190222;181111;104.480000000;1
RU000A0JXQ93;0;20190222;181236;104.190000000;1
RU000A0JXQ93;0;20190222;181236;104.180000000;10
RU000A0JXQ93;0;20190222;181236;104.020000000;1
RU000A0JXQ93;0;20190222;181236;103.920000000;1
RU000A0JXQ93;0;20190222;181236;103.900000000;5
RU000A0JXQ93;0;20190222;181236;103.880000000;2
RU000A0JXQ93;0;20190225;100341;103.950000000;1
RU000A0JXQ93;0;20190225;100425;104.390000000;13
RU000A0JXQ93;0;20190225;102537;104.350000000;30
RU000A0JXQ93;0;20190225;102538;103.980000000;13
RU000A0JXQ93;0;20190225;102538;103.970000000;7
RU000A0JXQ93;0;20190225;102802;104.340000000;2
RU000A0JXQ93;0;20190225;102835;104.340000000;1
RU000A0JXQ93;0;20190225;104136;103.980000000;2
RU000A0JXQ93;0;20190225;104136;103.970000000;1
RU000A0JXQ93;0;20190225;104329;103.980000000;1
RU000A0JXQ93;0;20190225;104329;103.970000000;22
RU000A0JXQ93;0;20190225;104329;103.950000000;9
RU000A0JXQ93;0;20190225;104329;103.920000000;5
RU000A0JXQ93;0;20190225;104329;103.910000000;5
RU000A0JXQ93;0;20190225;104329;103.900000000;1
RU000A0JXQ93;0;20190225;104329;103.900000000;48
RU000A0JXQ93;0;20190225;104434;104.320000000;10
RU000A0JXQ93;0;20190225;113347;103.910000000;1
RU000A0JXQ93;0;20190225;114106;104.320000000;2
RU000A0JXQ93;0;20190225;124716;104.010000000;1
RU000A0JXQ93;0;20190225;132155;104.320000000;3
RU000A0JXQ93;0;20190225;140303;104.320000000;26
RU000A0JXQ93;0;20190225;142933;104.330000000;3
RU000A0JXQ93;0;20190225;142933;104.330000000;1
RU000A0JXQ93;0;20190225;142933;104.330000000;22
RU000A0JXQ93;0;20190225;142933;104.340000000;2
RU000A0JXQ93;0;20190225;145717;104.340000000;5
RU000A0JXQ93;0;20190225;164325;104.340000000;1
RU000A0JXQ93;0;20190225;164834;104.340000000;2
RU000A0JXQ93;0;20190225;164834;104.340000000;1
RU000A0JXQ93;0;20190225;164834;104.350000000;96
RU000A0JXQ93;0;20190225;164907;104.350000000;1
RU000A0JXQ93;0;20190225;165346;104.350000000;4
RU000A0JXQ93;0;20190225;171300;104.040000000;13
RU000A0JXQ93;0;20190225;171300;104.030000000;1
RU000A0JXQ93;0;20190225;171300;104.020000000;5
RU000A0JXQ93;0;20190225;171300;104.010000000;100
RU000A0JXQ93;0;20190225;172244;104.010000000;11
RU000A0JXQ93;0;20190225;173949;104.330000000;1
RU000A0JXQ93;0;20190225;174316;104.020000000;1
RU000A0JXQ93;0;20190225;183358;104.010000000;1
RU000A0JXQ93;0;20190225;183421;104.000000000;19
RU000A0JXQ93;0;20190225;183644;104.320000000;10
RU000A0JXQ93;0;20190226;110435;104.290000000;3
RU000A0JXQ93;0;20190226;110435;104.300000000;7
RU000A0JXQ93;0;20190226;112010;104.200000000;4
RU000A0JXQ93;0;20190226;114740;104.200000000;1
RU000A0JXQ93;0;20190226;114900;104.200000000;20
RU000A0JXQ93;0;20190226;115343;104.200000000;25
RU000A0JXQ93;0;20190226;120338;104.200000000;10
RU000A0JXQ93;0;20190226;121150;104.300000000;70
RU000A0JXQ93;0;20190226;121253;104.300000000;60
RU000A0JXQ93;0;20190226;121941;104.010000000;38
RU000A0JXQ93;0;20190226;122003;104.010000000;14
RU000A0JXQ93;0;20190226;122615;104.000000000;1
RU000A0JXQ93;0;20190226;124523;104.010000000;50
RU000A0JXQ93;0;20190226;125834;104.010000000;1
RU000A0JXQ93;0;20190226;125905;104.010000000;8
RU000A0JXQ93;0;20190226;130656;104.000000000;11
RU000A0JXQ93;0;20190226;130733;104.000000000;3
RU000A0JXQ93;0;20190226;133800;104.010000000;1
RU000A0JXQ93;0;20190226;160511;104.240000000;1
RU000A0JXQ93;0;20190226;170204;104.240000000;1
RU000A0JXQ93;0;20190227;100352;104.330000000;1
RU000A0JXQ93;0;20190227;100452;104.340000000;4
RU000A0JXQ93;0;20190227;104048;104.010000000;13
RU000A0JXQ93;0;20190227;104048;104.000000000;1
RU000A0JXQ93;0;20190227;104048;103.940000000;6
RU000A0JXQ93;0;20190227;104127;104.330000000;6
RU000A0JXQ93;0;20190227;104127;104.340000000;4
RU000A0JXQ93;0;20190227;121024;104.320000000;3
RU000A0JXQ93;0;20190227;130404;104.320000000;4
RU000A0JXQ93;0;20190227;130404;104.330000000;6
RU000A0JXQ93;0;20190227;131621;104.330000000;1
RU000A0JXQ93;0;20190227;132618;104.330000000;10
RU000A0JXQ93;0;20190227;133458;104.300000000;14
RU000A0JXQ93;0;20190227;133511;104.330000000;1
RU000A0JXQ93;0;20190227;135827;104.300000000;25
RU000A0JXQ93;0;20190227;140620;104.300000000;1
RU000A0JXQ93;0;20190227;140717;104.210000000;10
RU000A0JXQ93;0;20190227;142901;104.290000000;5
RU000A0JXQ93;0;20190227;143358;104.210000000;1
RU000A0JXQ93;0;20190227;155318;104.200000000;5
RU000A0JXQ93;0;20190227;164523;104.290000000;3
RU000A0JXQ93;0;20190227;173247;104.210000000;9
RU000A0JXQ93;0;20190227;174644;104.250000000;8
RU000A0JXQ93;0;20190227;174704;104.230000000;1
RU000A0JXQ93;0;20190227;174816;104.230000000;9
RU000A0JXQ93;0;20190227;174816;104.300000000;26
RU000A0JXQ93;0;20190227;180816;104.290000000;10
RU000A0JXQ93;0;20190227;183609;104.290000000;2
RU000A0JXQ93;0;20190227;183609;104.300000000;4
RU000A0JXQ93;0;20190227;183609;104.330000000;82
RU000A0JXQ93;0;20190227;183609;104.340000000;8
RU000A0JXQ93;0;20190227;183609;104.350000000;1
RU000A0JXQ93;0;20190227;183609;104.350000000;103
RU000A0JXQ93;0;20190228;100844;104.480000000;2
RU000A0JXQ93;0;20190228;100844;104.480000000;1
RU000A0JXQ93;0;20190228;102531;104.060000000;1
RU000A0JXQ93;0;20190228;102531;104.050000000;12
RU000A0JXQ93;0;20190228;102531;104.040000000;1
RU000A0JXQ93;0;20190228;102531;104.020000000;2
RU000A0JXQ93;0;20190228;102531;104.010000000;3
RU000A0JXQ93;0;20190228;102602;104.000000000;81
RU000A0JXQ93;0;20190228;102602;104.690000000;19
RU000A0JXQ93;0;20190228;103611;104.440000000;1
RU000A0JXQ93;0;20190228;103736;104.440000000;9
RU000A0JXQ93;0;20190228;103819;104.390000000;10
RU000A0JXQ93;0;20190228;103842;104.390000000;2
RU000A0JXQ93;0;20190228;104510;104.330000000;1
RU000A0JXQ93;0;20190228;111820;104.110000000;2
RU000A0JXQ93;0;20190228;112310;104.340000000;2
RU000A0JXQ93;0;20190228;112310;104.350000000;18
RU000A0JXQ93;0;20190228;122207;104.210000000;4
RU000A0JXQ93;0;20190228;125304;104.300000000;2
RU000A0JXQ93;0;20190228;130333;104.090000000;8
RU000A0JXQ93;0;20190228;130333;104.080000000;20
RU000A0JXQ93;0;20190228;130413;104.290000000;12
RU000A0JXQ93;0;20190228;130413;104.300000000;8
RU000A0JXQ93;0;20190228;130517;104.070000000;12
RU000A0JXQ93;0;20190228;130517;104.060000000;8
RU000A0JXQ93;0;20190228;131016;104.200000000;1
RU000A0JXQ93;0;20190228;135048;104.030000000;1
RU000A0JXQ93;0;20190228;135048;104.020000000;5
RU000A0JXQ93;0;20190228;135048;103.950000000;70
RU000A0JXQ93;0;20190228;152743;104.020000000;5
RU000A0JXQ93;0;20190228;152743;103.950000000;1
RU000A0JXQ93;0;20190228;152743;103.920000000;5
RU000A0JXQ93;0;20190228;152743;103.900000000;30
RU000A0JXQ93;0;20190228;152743;103.900000000;69
RU000A0JXQ93;0;20190228;152743;103.860000000;50
RU000A0JXQ93;0;20190228;152743;103.850000000;5
RU000A0JXQ93;0;20190228;152743;103.820000000;70
RU000A0JXQ93;0;20190228;152743;103.820000000;50
RU000A0JXQ93;0;20190228;152743;103.810000000;100
RU000A0JXQ93;0;20190228;152743;103.800000000;479
RU000A0JXQ93;0;20190228;153119;104.100000000;15
RU000A0JXQ93;0;20190228;153835;103.810000000;5
RU000A0JXQ93;0;20190228;153835;103.700000000;1
RU000A0JXQ93;0;20190228;153835;103.380000000;19
RU000A0JXQ93;0;20190228;155927;104.080000000;2
RU000A0JXQ93;0;20190228;162629;104.060000000;5
RU000A0JXQ93;0;20190228;165342;104.050000000;1
RU000A0JXQ93;0;20190228;171939;104.080000000;4
RU000A0JXQ93;0;20190228;171959;104.090000000;19
RU000A0JXQ93;0;20190228;173709;104.210000000;8
RU000A0JXQ93;0;20190228;173709;104.210000000;20
RU000A0JXQ93;0;20190228;173709;104.300000000;1
RU000A0JXQ93;0;20190228;173709;104.340000000;5
RU000A0JXQ93;0;20190228;173709;104.340000000;46
RU000A0JXQ93;0;20190301;100830;104.090000000;100
RU000A0JXQ93;0;20190301;100830;104.100000000;100
RU000A0JXQ93;0;20190301;101821;104.030000000;12
RU000A0JXQ93;0;20190301;101821;104.020000000;1
RU000A0JXQ93;0;20190301;101821;104.010000000;1
RU000A0JXQ93;0;20190301;101821;104.000000000;1
RU000A0JXQ93;0;20190301;102406;104.000000000;35
RU000A0JXQ93;0;20190301;104431;104.090000000;12
RU000A0JXQ93;0;20190301;104431;104.100000000;38
RU000A0JXQ93;0;20190301;134028;104.090000000;1
RU000A0JXQ93;0;20190301;134330;104.090000000;100
RU000A0JXQ93;0;20190301;134515;104.090000000;215
RU000A0JXQ93;0;20190301;135914;104.090000000;1
RU000A0JXQ93;0;20190301;140720;104.090000000;9
RU000A0JXQ93;0;20190301;142310;104.010000000;1
RU000A0JXQ93;0;20190301;142311;104.010000000;9
RU000A0JXQ93;0;20190301;143816;104.000000000;5
RU000A0JXQ93;0;20190301;143816;103.950000000;5
RU000A0JXQ93;0;20190301;144415;104.080000000;9
RU000A0JXQ93;0;20190301;144415;104.090000000;1
RU000A0JXQ93;0;20190301;152006;104.090000000;10
RU000A0JXQ93;0;20190301;155215;104.090000000;5
RU000A0JXQ93;0;20190301;162112;104.090000000;1
RU000A0JXQ93;0;20190301;164530;104.090000000;58
RU000A0JXQ93;0;20190301;170754;104.090000000;15
RU000A0JXQ93;0;20190301;170754;104.100000000;29
RU000A0JXQ93;0;20190301;171316;104.100000000;52
RU000A0JXQ93;0;20190301;173147;104.100000000;100
RU000A0JXQ93;0;20190301;182317;104.050000000;1
RU000A0JXQ93;0;20190301;184404;103.970000000;39
RU000A0JXQ93;0;20190304;100447;104.280000000;1
RU000A0JXQ93;0;20190304;100515;104.290000000;2
RU000A0JXQ93;0;20190304;100555;104.350000000;5
RU000A0JXQ93;0;20190304;100555;104.350000000;50
RU000A0JXQ93;0;20190304;100951;104.360000000;5
RU000A0JXQ93;0;20190304;101117;104.390000000;5
RU000A0JXQ93;0;20190304;102044;104.400000000;10
RU000A0JXQ93;0;20190304;103017;104.400000000;2
RU000A0JXQ93;0;20190304;103057;104.400000000;12
RU000A0JXQ93;0;20190304;103057;104.400000000;43
RU000A0JXQ93;0;20190304;103141;104.360000000;15
RU000A0JXQ93;0;20190304;103215;104.360000000;1
RU000A0JXQ93;0;20190304;103428;104.500000000;9
RU000A0JXQ93;0;20190304;104128;104.500000000;1
RU000A0JXQ93;0;20190304;105135;104.370000000;1
RU000A0JXQ93;0;20190304;105616;104.370000000;7
RU000A0JXQ93;0;20190304;110027;104.470000000;1
RU000A0JXQ93;0;20190304;110719;104.370000000;100
RU000A0JXQ93;0;20190304;111339;104.390000000;5
RU000A0JXQ93;0;20190304;112307;104.360000000;8
RU000A0JXQ93;0;20190304;113539;104.360000000;2
RU000A0JXQ93;0;20190304;115015;104.370000000;25
RU000A0JXQ93;0;20190304;115824;104.360000000;25
RU000A0JXQ93;0;20190304;120553;104.360000000;64
RU000A0JXQ93;0;20190304;120622;104.050000000;12
RU000A0JXQ93;0;20190304;120634;104.040000000;8
RU000A0JXQ93;0;20190304;120634;104.020000000;5
RU000A0JXQ93;0;20190304;120634;104.020000000;16
RU000A0JXQ93;0;20190304;121213;104.260000000;1
RU000A0JXQ93;0;20190304;122424;104.040000000;8
RU000A0JXQ93;0;20190304;122424;104.040000000;4
RU000A0JXQ93;0;20190304;122453;104.030000000;5
RU000A0JXQ93;0;20190304;122458;104.020000000;17
RU000A0JXQ93;0;20190304;122911;104.190000000;1
RU000A0JXQ93;0;20190304;125649;104.180000000;2
RU000A0JXQ93;0;20190304;130122;104.020000000;1
RU000A0JXQ93;0;20190304;131435;104.180000000;10
RU000A0JXQ93;0;20190304;132004;104.190000000;14
RU000A0JXQ93;0;20190304;132550;104.340000000;5
RU000A0JXQ93;0;20190304;135508;104.350000000;1
RU000A0JXQ93;0;20190304;135939;104.340000000;188
RU000A0JXQ93;0;20190304;140922;104.080000000;4
RU000A0JXQ93;0;20190304;141053;104.120000000;4
RU000A0JXQ93;0;20190304;141147;104.120000000;2
RU000A0JXQ93;0;20190304;143120;104.370000000;1
RU000A0JXQ93;0;20190304;145648;104.350000000;3
RU000A0JXQ93;0;20190304;145649;104.350000000;6
RU000A0JXQ93;0;20190304;153154;104.350000000;6
RU000A0JXQ93;0;20190304;160611;104.040000000;2
RU000A0JXQ93;0;20190304;160611;104.040000000;8
RU000A0JXQ93;0;20190304;160611;104.030000000;5
RU000A0JXQ93;0;20190304;160611;104.020000000;95
RU000A0JXQ93;0;20190304;160611;104.010000000;10
RU000A0JXQ93;0;20190304;160611;104.000000000;9
RU000A0JXQ93;0;20190304;160611;103.970000000;1
RU000A0JXQ93;0;20190304;160611;103.910000000;100
RU000A0JXQ93;0;20190304;160611;103.900000000;100
RU000A0JXQ93;0;20190304;160611;103.900000000;50
RU000A0JXQ93;0;20190304;160611;103.890000000;150
RU000A0JXQ93;0;20190304;160611;103.850000000;70
RU000A0JXQ93;0;20190304;165330;104.180000000;2
RU000A0JXQ93;0;20190304;173009;104.190000000;8
RU000A0JXQ93;0;20190304;174745;104.210000000;23
RU000A0JXQ93;0;20190304;183402;104.300000000;1
RU000A0JXQ93;0;20190305;101508;104.330000000;5
RU000A0JXQ93;0;20190305;101508;104.330000000;5
RU000A0JXQ93;0;20190305;101548;104.050000000;1
RU000A0JXQ93;0;20190305;102228;104.300000000;2
RU000A0JXQ93;0;20190305;102228;104.300000000;1
RU000A0JXQ93;0;20190305;102228;104.330000000;2
RU000A0JXQ93;0;20190305;114106;104.330000000;5
RU000A0JXQ93;0;20190305;120320;104.200000000;3
RU000A0JXQ93;0;20190305;122844;104.200000000;1
RU000A0JXQ93;0;20190305;131110;104.040000000;3
RU000A0JXQ93;0;20190305;133315;104.190000000;3
RU000A0JXQ93;0;20190305;133315;104.200000000;47
RU000A0JXQ93;0;20190305;134145;104.050000000;2
RU000A0JXQ93;0;20190305;140312;104.190000000;2
RU000A0JXQ93;0;20190305;140312;104.200000000;2
RU000A0JXQ93;0;20190305;140741;104.040000000;6
RU000A0JXQ93;0;20190305;141755;104.190000000;6
RU000A0JXQ93;0;20190305;141755;104.200000000;24
RU000A0JXQ93;0;20190305;143839;104.200000000;2008
RU000A0JXQ93;0;20190305;145802;104.330000000;13
RU000A0JXQ93;0;20190305;145802;104.340000000;2
RU000A0JXQ93;0;20190305;150717;104.180000000;2
RU000A0JXQ93;0;20190305;151158;104.180000000;6
RU000A0JXQ93;0;20190305;151158;104.050000000;2
RU000A0JXQ93;0;20190305;153513;104.320000000;2
RU000A0JXQ93;0;20190305;171455;104.320000000;8
RU000A0JXQ93;0;20190305;171455;104.330000000;3
RU000A0JXQ93;0;20190305;171939;104.110000000;5
RU000A0JXQ93;0;20190305;172626;104.110000000;4
RU000A0JXQ93;0;20190306;100456;104.330000000;3
RU000A0JXQ93;0;20190306;105213;104.070000000;4
RU000A0JXQ93;0;20190306;105252;104.100000000;4
RU000A0JXQ93;0;20190306;110408;104.210000000;5
RU000A0JXQ93;0;20190306;121042;104.110000000;10
RU000A0JXQ93;0;20190306;123338;104.110000000;4
RU000A0JXQ93;0;20190306;123654;104.140000000;1
RU000A0JXQ93;0;20190306;123654;104.150000000;91
RU000A0JXQ93;0;20190306;123730;104.150000000;1
RU000A0JXQ93;0;20190306;130317;104.150000000;1
RU000A0JXQ93;0;20190306;133915;104.150000000;1272
RU000A0JXQ93;0;20190306;151828;104.150000000;3
RU000A0JXQ93;0;20190306;151828;104.270000000;7
RU000A0JXQ93;0;20190306;153627;104.270000000;1
RU000A0JXQ93;0;20190306;161334;104.180000000;1
RU000A0JXQ93;0;20190306;161334;104.130000000;8
RU000A0JXQ93;0;20190306;161334;104.120000000;5
RU000A0JXQ93;0;20190306;161434;104.290000000;1
RU000A0JXQ93;0;20190306;173002;104.280000000;1
RU000A0JXQ93;0;20190306;173240;104.150000000;1
RU000A0JXQ93;0;20190306;180108;104.270000000;1
RU000A0JXQ93;0;20190306;180108;104.280000000;4
RU000A0JXQ93;0;20190307;102034;104.130000000;1
RU000A0JXQ93;0;20190307;103621;104.320000000;1
RU000A0JXQ93;0;20190307;103758;104.090000000;9
RU000A0JXQ93;0;20190307;114546;104.270000000;2
RU000A0JXQ93;0;20190307;130115;104.140000000;1
RU000A0JXQ93;0;20190307;132753;104.140000000;5
RU000A0JXQ93;0;20190307;140313;104.250000000;5
RU000A0JXQ93;0;20190307;141325;104.160000000;9
RU000A0JXQ93;0;20190307;141702;104.150000000;6
RU000A0JXQ93;0;20190307;141702;104.140000000;17
RU000A0JXQ93;0;20190307;143609;104.250000000;11
RU000A0JXQ93;0;20190307;143609;104.260000000;3
RU000A0JXQ93;0;20190307;150100;104.190000000;1
RU000A0JXQ93;0;20190307;150100;104.200000000;9
RU000A0JXQ93;0;20190307;155409;104.200000000;1
RU000A0JXQ93;0;20190307;164422;104.200000000;5
RU000A0JXQ93;0;20190307;183010;104.170000000;5
RU000A0JXQ93;0;20190307;183205;104.150000000;5
RU000A0JXQ93;0;20190307;183557;104.140000000;25
RU000A0JXQ93;0;20190307;183853;104.150000000;11
RU000A0JXQ93;0;20190311;100557;104.060000000;5
RU000A0JXQ93;0;20190311;101701;104.190000000;1
RU000A0JXQ93;0;20190311;103400;104.190000000;15
RU000A0JXQ93;0;20190311;110303;104.180000000;92
RU000A0JXQ93;0;20190311;110303;104.180000000;8
RU000A0JXQ93;0;20190311;110549;104.020000000;2
RU000A0JXQ93;0;20190311;111219;104.170000000;2
RU000A0JXQ93;0;20190311;111219;104.180000000;13
RU000A0JXQ93;0;20190311;112211;104.020000000;11
RU000A0JXQ93;0;20190311;112723;104.020000000;14
RU000A0JXQ93;0;20190311;112723;104.170000000;23
RU000A0JXQ93;0;20190311;120250;104.150000000;11
RU000A0JXQ93;0;20190311;120250;104.160000000;3
RU000A0JXQ93;0;20190311;120341;104.160000000;8
RU000A0JXQ93;0;20190311;120827;104.020000000;2
RU000A0JXQ93;0;20190311;123148;104.070000000;1
RU000A0JXQ93;0;20190311;123148;104.020000000;13
RU000A0JXQ93;0;20190311;123828;104.150000000;1
RU000A0JXQ93;0;20190311;124150;104.150000000;1
RU000A0JXQ93;0;20190311;124150;104.160000000;39
RU000A0JXQ93;0;20190311;124150;104.160000000;10
RU000A0JXQ93;0;20190311;131312;104.100000000;10
RU000A0JXQ93;0;20190311;131600;104.100000000;2
RU000A0JXQ93;0;20190311;132911;104.030000000;20
RU000A0JXQ93;0;20190311;132911;104.010000000;7
RU000A0JXQ93;0;20190311;132911;104.000000000;10
RU000A0JXQ93;0;20190311;132911;103.940000000;1
RU000A0JXQ93;0;20190311;132911;103.940000000;1
RU000A0JXQ93;0;20190311;132911;103.820000000;1
RU000A0JXQ93;0;20190311;132911;103.770000000;50
RU000A0JXQ93;0;20190311;132911;103.760000000;70
RU000A0JXQ93;0;20190311;132911;103.750000000;25
RU000A0JXQ93;0;20190311;133200;104.100000000;1
RU000A0JXQ93;0;20190311;134252;104.090000000;9
RU000A0JXQ93;0;20190311;142520;104.090000000;1
RU000A0JXQ93;0;20190311;150119;104.090000000;3
RU000A0JXQ93;0;20190311;155423;104.090000000;37
RU000A0JXQ93;0;20190311;155423;104.100000000;13
RU000A0JXQ93;0;20190311;171347;104.100000000;2
RU000A0JXQ93;0;20190311;175508;104.100000000;1
RU000A0JXQ93;0;20190311;182406;103.940000000;1
RU000A0JXQ93;0;20190311;183327;104.100000000;3
RU000A0JXQ93;0;20190312;100549;104.240000000;1
RU000A0JXQ93;0;20190312;100618;104.280000000;4
RU000A0JXQ93;0;20190312;101311;104.230000000;4
RU000A0JXQ93;0;20190312;103939;104.240000000;40
RU000A0JXQ93;0;20190312;105006;104.200000000;5
RU000A0JXQ93;0;20190312;110600;104.040000000;5
RU000A0JXQ93;0;20190312;110945;104.200000000;2
RU000A0JXQ93;0;20190312;114034;104.200000000;1
RU000A0JXQ93;0;20190312;115107;104.050000000;5
RU000A0JXQ93;0;20190312;122333;104.070000000;11
RU000A0JXQ93;0;20190312;122333;104.060000000;11
RU000A0JXQ93;0;20190312;122333;104.050000000;956
RU000A0JXQ93;0;20190312;122333;104.000000000;180
RU000A0JXQ93;0;20190312;122333;104.000000000;20
RU000A0JXQ93;0;20190312;122352;104.000000000;50
RU000A0JXQ93;0;20190312;122409;104.000000000;30
RU000A0JXQ93;0;20190312;122412;103.920000000;5
RU000A0JXQ93;0;20190312;122412;103.920000000;5
RU000A0JXQ93;0;20190312;122529;104.000000000;30
RU000A0JXQ93;0;20190312;122625;104.000000000;100
RU000A0JXQ93;0;20190312;123615;103.950000000;8
RU000A0JXQ93;0;20190312;125735;103.940000000;17
RU000A0JXQ93;0;20190312;134913;103.980000000;11
RU000A0JXQ93;0;20190312;143034;103.990000000;17
RU000A0JXQ93;0;20190312;155052;103.960000000;20
RU000A0JXQ93;0;20190312;155052;103.950000000;40
RU000A0JXQ93;0;20190312;163633;103.990000000;23
RU000A0JXQ93;0;20190312;163633;104.000000000;27
RU000A0JXQ93;0;20190312;170120;103.940000000;2
RU000A0JXQ93;0;20190312;180844;104.000000000;11
RU000A0JXQ93;0;20190313;100956;104.230000000;5
RU000A0JXQ93;0;20190313;100956;104.230000000;8
RU000A0JXQ93;0;20190313;100956;104.240000000;5
RU000A0JXQ93;0;20190313;100956;104.320000000;20
RU000A0JXQ93;0;20190313;100956;104.330000000;41
RU000A0JXQ93;0;20190313;101218;103.930000000;1
RU000A0JXQ93;0;20190313;104004;104.080000000;5
RU000A0JXQ93;0;20190313;104004;104.310000000;5
RU000A0JXQ93;0;20190313;104852;104.010000000;11
RU000A0JXQ93;0;20190313;105620;104.000000000;2
RU000A0JXQ93;0;20190313;111248;103.950000000;9
RU000A0JXQ93;0;20190313;111248;103.950000000;25
RU000A0JXQ93;0;20190313;111552;104.000000000;1
RU000A0JXQ93;0;20190313;112431;104.000000000;8
RU000A0JXQ93;0;20190313;112431;104.010000000;12
RU000A0JXQ93;0;20190313;114207;104.010000000;77
RU000A0JXQ93;0;20190313;114207;104.100000000;17
RU000A0JXQ93;0;20190313;115405;104.200000000;2
RU000A0JXQ93;0;20190313;132649;104.000000000;2
RU000A0JXQ93;0;20190313;132649;103.960000000;5
RU000A0JXQ93;0;20190313;132649;103.950000000;5
RU000A0JXQ93;0;20190313;132649;103.950000000;50
RU000A0JXQ93;0;20190313;132649;103.950000000;21
RU000A0JXQ93;0;20190313;132649;103.930000000;21
RU000A0JXQ93;0;20190313;132649;103.910000000;2
RU000A0JXQ93;0;20190313;132649;103.910000000;20
RU000A0JXQ93;0;20190313;132649;103.900000000;49
RU000A0JXQ93;0;20190313;132649;103.900000000;11
RU000A0JXQ93;0;20190313;140101;103.900000000;11
RU000A0JXQ93;0;20190313;143839;103.900000000;9
RU000A0JXQ93;0;20190313;144410;103.900000000;10
RU000A0JXQ93;0;20190313;150625;103.810000000;1
RU000A0JXQ93;0;20190313;150625;103.620000000;9
RU000A0JXQ93;0;20190313;150625;103.610000000;5
RU000A0JXQ93;0;20190313;150625;103.570000000;50
RU000A0JXQ93;0;20190313;150625;103.570000000;45
RU000A0JXQ93;0;20190313;151209;103.850000000;3
RU000A0JXQ93;0;20190313;151410;103.790000000;4
RU000A0JXQ93;0;20190313;154205;103.860000000;2
RU000A0JXQ93;0;20190313;165320;103.790000000;2
RU000A0JXQ93;0;20190313;165320;103.790000000;9
RU000A0JXQ93;0;20190313;165320;103.800000000;20
RU000A0JXQ93;0;20190313;170046;103.650000000;1
RU000A0JXQ93;0;20190313;171323;103.790000000;1
RU000A0JXQ93;0;20190313;171323;103.800000000;4
RU000A0JXQ93;0;20190313;173939;103.800000000;2
RU000A0JXQ93;0;20190313;174100;103.800000000;20
RU000A0JXQ93;0;20190313;174712;103.800000000;1
RU000A0JXQ93;0;20190313;175154;103.800000000;3
RU000A0JXQ93;0;20190313;175310;103.790000000;3
RU000A0JXQ93;0;20190313;183738;103.790000000;2
RU000A0JXQ93;0;20190314;100241;104.180000000;1
RU000A0JXQ93;0;20190314;100332;104.180000000;1
RU000A0JXQ93;0;20190314;101546;104.180000000;1
RU000A0JXQ93;0;20190314;101647;104.190000000;1
RU000A0JXQ93;0;20190314;101906;104.190000000;4
RU000A0JXQ93;0;20190314;104206;103.820000000;20
RU000A0JXQ93;0;20190314;104307;103.810000000;1
RU000A0JXQ93;0;20190314;104307;103.800000000;1879
RU000A0JXQ93;0;20190314;105111;104.040000000;11
RU000A0JXQ93;0;20190314;105111;104.050000000;89
RU000A0JXQ93;0;20190314;112548;104.030000000;3
RU000A0JXQ93;0;20190314;115019;104.030000000;1
RU000A0JXQ93;0;20190314;115805;104.020000000;6
RU000A0JXQ93;0;20190314;115805;104.030000000;2
RU000A0JXQ93;0;20190314;115805;104.040000000;7
RU000A0JXQ93;0;20190314;132231;103.900000000;4
RU000A0JXQ93;0;20190314;134512;103.900000000;1
RU000A0JXQ93;0;20190314;140215;103.860000000;4
RU000A0JXQ93;0;20190314;143813;103.890000000;1
RU000A0JXQ93;0;20190314;150125;103.850000000;1
RU000A0JXQ93;0;20190314;152349;103.850000000;4
RU000A0JXQ93;0;20190314;152608;103.840000000;3
RU000A0JXQ93;0;20190314;152608;103.850000000;16
RU000A0JXQ93;0;20190314;152608;103.900000000;1
RU000A0JXQ93;0;20190314;152700;103.900000000;10
RU000A0JXQ93;0;20190314;163401;103.900000000;20
RU000A0JXQ93;0;20190314;165654;103.900000000;135
RU000A0JXQ93;0;20190314;165654;104.040000000;48
RU000A0JXQ93;0;20190314;165654;104.040000000;62
RU000A0JXQ93;0;20190314;172027;104.040000000;1
RU000A0JXQ93;0;20190314;180754;103.750000000;10
RU000A0JXQ93;0;20190314;181038;104.040000000;37
RU000A0JXQ93;0;20190314;181038;104.100000000;13
RU000A0JXQ93;0;20190315;101206;104.100000000;1
RU000A0JXQ93;0;20190315;101208;104.100000000;1
RU000A0JXQ93;0;20190315;101532;104.100000000;15
RU000A0JXQ93;0;20190315;111434;104.100000000;1
RU000A0JXQ93;0;20190315;112714;103.860000000;1
RU000A0JXQ93;0;20190315;114428;104.060000000;1
RU000A0JXQ93;0;20190315;115203;104.070000000;20
RU000A0JXQ93;0;20190315;121133;104.100000000;4
RU000A0JXQ93;0;20190315;122652;104.100000000;20
RU000A0JXQ93;0;20190315;124625;104.100000000;4
RU000A0JXQ93;0;20190315;130220;104.100000000;5
RU000A0JXQ93;0;20190315;130819;103.920000000;1
RU000A0JXQ93;0;20190315;132727;104.090000000;1
RU000A0JXQ93;0;20190315;132727;104.100000000;9
RU000A0JXQ93;0;20190315;132954;104.100000000;3
RU000A0JXQ93;0;20190315;141634;104.070000000;1
RU000A0JXQ93;0;20190315;141808;103.910000000;1
RU000A0JXQ93;0;20190315;144548;104.060000000;1
RU000A0JXQ93;0;20190315;144548;104.060000000;20
RU000A0JXQ93;0;20190315;144548;104.070000000;179
RU000A0JXQ93;0;20190315;154232;104.060000000;2
RU000A0JXQ93;0;20190315;175759;104.060000000;100
RU000A0JXQ93;0;20190315;180532;103.720000000;20
RU000A0JXQ93;0;20190315;180548;103.720000000;13
RU000A0JXQ93;0;20190315;180548;103.710000000;14
RU000A0JXQ93;0;20190315;180825;103.710000000;56
RU000A0JXQ93;0;20190315;180825;103.700000000;10
RU000A0JXQ93;0;20190315;180825;103.700000000;247
RU000A0JXQ93;0;20190315;180825;103.700000000;100
RU000A0JXQ93;0;20190315;180825;103.660000000;1
RU000A0JXQ93;0;20190315;180825;103.610000000;588
RU000A0JXQ93;0;20190318;102241;104.010000000;4
RU000A0JXQ93;0;20190318;102302;103.610000000;1
RU000A0JXQ93;0;20190318;102657;103.990000000;29
RU000A0JXQ93;0;20190318;102722;104.000000000;4
RU000A0JXQ93;0;20190318;102747;104.020000000;8
RU000A0JXQ93;0;20190318;103007;103.640000000;20
RU000A0JXQ93;0;20190318;105039;103.640000000;1
RU000A0JXQ93;0;20190318;105054;103.630000000;4
RU000A0JXQ93;0;20190318;110805;103.640000000;9
RU000A0JXQ93;0;20190318;110805;103.590000000;5
RU000A0JXQ93;0;20190318;110805;103.580000000;5
RU000A0JXQ93;0;20190318;110805;103.580000000;5
RU000A0JXQ93;0;20190318;112057;103.600000000;12
RU000A0JXQ93;0;20190318;112357;103.700000000;4
RU000A0JXQ93;0;20190318;113303;103.700000000;5
RU000A0JXQ93;0;20190318;114031;103.590000000;5
