<TICKER>;<PER>;<DATE>;<TIME>;<LAST>;<VOL>
RU000A0JXN21;0;20190103;134328;98.710000000;1
RU000A0JXN21;0;20190103;163820;98.690000000;8
RU000A0JXN21;0;20190103;183731;98.310000000;1
RU000A0JXN21;0;20190103;183731;98.310000000;100
RU000A0JXN21;0;20190104;133306;98.490000000;3
RU000A0JXN21;0;20190104;134432;98.490000000;147
RU000A0JXN21;0;20190104;134432;98.500000000;100
RU000A0JXN21;0;20190104;134432;98.790000000;3
RU000A0JXN21;0;20190108;133700;97.600000000;5
RU000A0JXN21;0;20190108;133749;97.600000000;10
RU000A0JXN21;0;20190108;133755;97.600000000;10
RU000A0JXN21;0;20190108;133912;98.000000000;10
RU000A0JXN21;0;20190108;142113;98.400000000;10
RU000A0JXN21;0;20190108;142113;98.500000000;10
RU000A0JXN21;0;20190108;144433;98.480000000;1
RU000A0JXN21;0;20190108;144612;98.480000000;2
RU000A0JXN21;0;20190108;181516;98.390000000;10
RU000A0JXN21;0;20190109;105152;98.380000000;40
RU000A0JXN21;0;20190109;112000;98.350000000;10
RU000A0JXN21;0;20190109;112000;98.390000000;40
RU000A0JXN21;0;20190109;112000;98.400000000;40
RU000A0JXN21;0;20190109;112000;98.600000000;10
RU000A0JXN21;0;20190109;120206;98.360000000;1
RU000A0JXN21;0;20190109;121207;98.490000000;1
RU000A0JXN21;0;20190109;121207;98.500000000;29
RU000A0JXN21;0;20190109;124300;98.450000000;54
RU000A0JXN21;0;20190109;130910;98.450000000;44
RU000A0JXN21;0;20190109;131128;98.390000000;4
RU000A0JXN21;0;20190109;131217;98.390000000;46
RU000A0JXN21;0;20190109;131959;98.370000000;5
RU000A0JXN21;0;20190109;152305;98.490000000;100
RU000A0JXN21;0;20190109;164815;98.350000000;385
RU000A0JXN21;0;20190110;101603;98.700000000;1
RU000A0JXN21;0;20190110;101853;97.750000000;1
RU000A0JXN21;0;20190110;101853;98.700000000;1
RU000A0JXN21;0;20190110;102004;98.690000000;1
RU000A0JXN21;0;20190110;115952;98.380000000;2
RU000A0JXN21;0;20190110;115952;98.380000000;8
RU000A0JXN21;0;20190110;121634;98.380000000;61
RU000A0JXN21;0;20190110;123001;98.370000000;20
RU000A0JXN21;0;20190110;134147;98.370000000;5
RU000A0JXN21;0;20190110;135945;98.370000000;1
RU000A0JXN21;0;20190110;161227;98.350000000;55
RU000A0JXN21;0;20190110;165318;98.310000000;48
RU000A0JXN21;0;20190110;165808;98.310000000;70
RU000A0JXN21;0;20190110;180547;98.350000000;68
RU000A0JXN21;0;20190110;181146;98.370000000;64
RU000A0JXN21;0;20190110;181305;98.390000000;50
RU000A0JXN21;0;20190111;110604;98.330000000;3
RU000A0JXN21;0;20190111;111516;98.320000000;3
RU000A0JXN21;0;20190111;111849;98.330000000;2
RU000A0JXN21;0;20190111;113345;98.330000000;5
RU000A0JXN21;0;20190111;122915;98.440000000;1
RU000A0JXN21;0;20190111;123259;98.440000000;1
RU000A0JXN21;0;20190111;123259;98.450000000;8
RU000A0JXN21;0;20190111;123905;98.450000000;2
RU000A0JXN21;0;20190111;123905;98.460000000;100
RU000A0JXN21;0;20190111;124158;98.470000000;2
RU000A0JXN21;0;20190111;144754;98.470000000;500
RU000A0JXN21;0;20190111;145802;98.470000000;33
RU000A0JXN21;0;20190111;163929;98.540000000;2
RU000A0JXN21;0;20190111;163929;98.550000000;10
RU000A0JXN21;0;20190111;165751;98.670000000;384
RU000A0JXN21;0;20190111;165751;98.690000000;19
RU000A0JXN21;0;20190111;165751;98.700000000;1000
RU000A0JXN21;0;20190111;165751;98.700000000;817
RU000A0JXN21;0;20190111;175315;98.650000000;4
RU000A0JXN21;0;20190114;103410;98.020000000;3
RU000A0JXN21;0;20190114;103410;98.010000000;28
RU000A0JXN21;0;20190114;112017;98.590000000;3
RU000A0JXN21;0;20190114;112333;98.600000000;25
RU000A0JXN21;0;20190114;112959;98.600000000;3
RU000A0JXN21;0;20190114;113245;98.590000000;3
RU000A0JXN21;0;20190114;113402;98.600000000;3
RU000A0JXN21;0;20190114;115114;98.590000000;3
RU000A0JXN21;0;20190114;120826;98.600000000;11
RU000A0JXN21;0;20190114;120830;98.600000000;3
RU000A0JXN21;0;20190114;120858;98.600000000;55
RU000A0JXN21;0;20190114;124417;98.620000000;1
RU000A0JXN21;0;20190114;131340;98.620000000;1
RU000A0JXN21;0;20190114;131424;98.620000000;1
RU000A0JXN21;0;20190114;131424;98.630000000;10
RU000A0JXN21;0;20190114;131424;98.650000000;5
RU000A0JXN21;0;20190114;131424;98.650000000;5
RU000A0JXN21;0;20190114;131424;98.660000000;1
RU000A0JXN21;0;20190114;132504;98.700000000;10
RU000A0JXN21;0;20190114;135848;98.660000000;3
RU000A0JXN21;0;20190114;135848;98.650000000;85
RU000A0JXN21;0;20190114;153835;98.670000000;1
RU000A0JXN21;0;20190114;165529;98.670000000;2
RU000A0JXN21;0;20190114;172626;98.670000000;30
RU000A0JXN21;0;20190114;183827;98.680000000;15
RU000A0JXN21;0;20190115;115232;98.510000000;3
RU000A0JXN21;0;20190115;115232;98.500000000;58
RU000A0JXN21;0;20190115;125514;98.500000000;3407
RU000A0JXN21;0;20190115;125705;98.490000000;3
RU000A0JXN21;0;20190115;130652;98.500000000;1
RU000A0JXN21;0;20190115;130730;98.500000000;1
RU000A0JXN21;0;20190115;131306;98.500000000;1
RU000A0JXN21;0;20190115;132127;98.500000000;1
RU000A0JXN21;0;20190115;133521;98.500000000;24
RU000A0JXN21;0;20190115;134311;98.500000000;17
RU000A0JXN21;0;20190115;135213;98.500000000;10
RU000A0JXN21;0;20190115;135345;98.500000000;9
RU000A0JXN21;0;20190115;141734;98.500000000;300
RU000A0JXN21;0;20190115;143724;98.500000000;100
RU000A0JXN21;0;20190115;150724;98.500000000;317
RU000A0JXN21;0;20190115;150854;98.500000000;1218
RU000A0JXN21;0;20190115;153727;98.420000000;50
RU000A0JXN21;0;20190115;164729;98.500000000;50
RU000A0JXN21;0;20190115;182106;98.500000000;14
RU000A0JXN21;0;20190115;182247;98.500000000;10
RU000A0JXN21;0;20190115;183822;98.500000000;71
RU000A0JXN21;0;20190116;101247;98.500000000;45
RU000A0JXN21;0;20190116;101725;98.140000000;3
RU000A0JXN21;0;20190116;101725;98.130000000;50
RU000A0JXN21;0;20190116;101725;98.120000000;27
RU000A0JXN21;0;20190116;123311;98.640000000;2
RU000A0JXN21;0;20190116;134141;98.540000000;1
RU000A0JXN21;0;20190116;140101;98.510000000;3
RU000A0JXN21;0;20190116;140129;98.500000000;224
RU000A0JXN21;0;20190116;155144;98.590000000;3
RU000A0JXN21;0;20190116;172306;98.600000000;1090
RU000A0JXN21;0;20190116;172759;98.560000000;12
RU000A0JXN21;0;20190116;172759;98.510000000;10
RU000A0JXN21;0;20190116;172759;98.500000000;456
RU000A0JXN21;0;20190116;173446;98.600000000;1110
RU000A0JXN21;0;20190116;173446;98.600000000;20
RU000A0JXN21;0;20190116;173549;98.650000000;10
RU000A0JXN21;0;20190116;173549;98.690000000;590
RU000A0JXN21;0;20190116;173549;98.700000000;60
RU000A0JXN21;0;20190117;103801;98.500000000;20
RU000A0JXN21;0;20190117;105110;98.650000000;1
RU000A0JXN21;0;20190117;122030;98.650000000;1
RU000A0JXN21;0;20190117;131145;98.560000000;2
RU000A0JXN21;0;20190117;131145;98.550000000;5
RU000A0JXN21;0;20190117;131145;98.510000000;10
RU000A0JXN21;0;20190117;131145;98.500000000;130
RU000A0JXN21;0;20190117;131145;98.500000000;33
RU000A0JXN21;0;20190117;131146;98.500000000;1
RU000A0JXN21;0;20190117;145513;98.400000000;1
RU000A0JXN21;0;20190117;145513;98.200000000;5
RU000A0JXN21;0;20190117;145513;98.150000000;28
RU000A0JXN21;0;20190117;161408;98.440000000;3
RU000A0JXN21;0;20190117;161408;98.450000000;6
RU000A0JXN21;0;20190117;161715;98.450000000;51
RU000A0JXN21;0;20190117;161752;98.450000000;5
RU000A0JXN21;0;20190117;165521;98.450000000;25
RU000A0JXN21;0;20190117;174549;98.450000000;620
RU000A0JXN21;0;20190117;184229;98.450000000;7
RU000A0JXN21;0;20190118;103334;98.450000000;70
RU000A0JXN21;0;20190118;103810;98.450000000;320
RU000A0JXN21;0;20190118;112816;98.450000000;14
RU000A0JXN21;0;20190118;114619;98.320000000;1
RU000A0JXN21;0;20190118;114619;98.310000000;9
RU000A0JXN21;0;20190118;115210;98.440000000;1
RU000A0JXN21;0;20190118;140245;98.420000000;1
RU000A0JXN21;0;20190118;140245;98.410000000;1
RU000A0JXN21;0;20190118;140246;98.400000000;2
RU000A0JXN21;0;20190118;143814;98.400000000;182
RU000A0JXN21;0;20190118;143814;98.450000000;1053
RU000A0JXN21;0;20190118;152259;98.390000000;1
RU000A0JXN21;0;20190118;152937;98.400000000;200
RU000A0JXN21;0;20190118;153555;98.400000000;100
RU000A0JXN21;0;20190118;170830;98.450000000;103
RU000A0JXN21;0;20190118;170910;98.450000000;69
RU000A0JXN21;0;20190118;171314;98.420000000;3
RU000A0JXN21;0;20190118;171314;98.410000000;30
RU000A0JXN21;0;20190118;171314;98.400000000;10
RU000A0JXN21;0;20190118;171624;98.450000000;50
RU000A0JXN21;0;20190118;175254;98.440000000;1
RU000A0JXN21;0;20190118;180050;98.440000000;1
RU000A0JXN21;0;20190118;182357;98.410000000;2
RU000A0JXN21;0;20190118;182357;98.400000000;90
RU000A0JXN21;0;20190118;183714;98.390000000;3
RU000A0JXN21;0;20190118;183714;98.400000000;70
RU000A0JXN21;0;20190121;101443;98.500000000;300
RU000A0JXN21;0;20190121;110445;98.410000000;2
RU000A0JXN21;0;20190121;110445;98.400000000;1
RU000A0JXN21;0;20190121;110445;98.400000000;5
RU000A0JXN21;0;20190121;113236;98.390000000;2
RU000A0JXN21;0;20190121;130946;98.360000000;2
RU000A0JXN21;0;20190121;132638;98.350000000;1
RU000A0JXN21;0;20190121;141357;98.350000000;1
RU000A0JXN21;0;20190121;142701;98.360000000;3
RU000A0JXN21;0;20190121;142858;98.350000000;3
RU000A0JXN21;0;20190121;143517;98.350000000;30
RU000A0JXN21;0;20190121;144026;98.350000000;164
RU000A0JXN21;0;20190121;145926;98.360000000;2
RU000A0JXN21;0;20190121;150523;98.360000000;10
RU000A0JXN21;0;20190121;150655;98.360000000;20
RU000A0JXN21;0;20190121;152232;98.350000000;2
RU000A0JXN21;0;20190121;152315;98.350000000;1
RU000A0JXN21;0;20190121;152535;98.360000000;2
RU000A0JXN21;0;20190121;153400;98.350000000;2
RU000A0JXN21;0;20190121;154106;98.360000000;2
RU000A0JXN21;0;20190121;154237;98.350000000;2
RU000A0JXN21;0;20190121;155113;98.360000000;2
RU000A0JXN21;0;20190121;160001;98.350000000;18
RU000A0JXN21;0;20190121;160001;98.350000000;20
RU000A0JXN21;0;20190121;160001;98.300000000;30
RU000A0JXN21;0;20190121;160001;98.300000000;1
RU000A0JXN21;0;20190121;160556;97.920000000;3
RU000A0JXN21;0;20190121;160556;97.910000000;10
RU000A0JXN21;0;20190121;160556;97.800000000;9
RU000A0JXN21;0;20190121;160556;97.790000000;33
RU000A0JXN21;0;20190121;161211;98.350000000;2
RU000A0JXN21;0;20190121;161211;98.350000000;3
RU000A0JXN21;0;20190121;161404;98.010000000;3
RU000A0JXN21;0;20190121;162658;98.000000000;2
RU000A0JXN21;0;20190121;162659;98.000000000;1
RU000A0JXN21;0;20190121;162849;98.010000000;1
RU000A0JXN21;0;20190121;174933;98.350000000;4
RU000A0JXN21;0;20190121;182215;98.350000000;730
RU000A0JXN21;0;20190121;182313;98.350000000;94
RU000A0JXN21;0;20190122;105201;98.690000000;10
RU000A0JXN21;0;20190122;105207;98.690000000;1
RU000A0JXN21;0;20190122;105207;98.690000000;9
RU000A0JXN21;0;20190122;105916;98.600000000;1
RU000A0JXN21;0;20190122;105924;98.600000000;1
RU000A0JXN21;0;20190122;105928;98.600000000;1
RU000A0JXN21;0;20190122;105931;98.600000000;1
RU000A0JXN21;0;20190122;105939;98.600000000;1
RU000A0JXN21;0;20190122;105944;98.600000000;1
RU000A0JXN21;0;20190122;105951;98.600000000;1
RU000A0JXN21;0;20190122;105955;98.600000000;1
RU000A0JXN21;0;20190122;105959;98.600000000;1
RU000A0JXN21;0;20190122;110005;98.600000000;1
RU000A0JXN21;0;20190122;110010;98.600000000;1
RU000A0JXN21;0;20190122;113128;98.610000000;3
RU000A0JXN21;0;20190122;113128;98.600000000;21
RU000A0JXN21;0;20190122;113128;98.600000000;5
RU000A0JXN21;0;20190122;122125;98.590000000;2
RU000A0JXN21;0;20190122;133146;98.590000000;1
RU000A0JXN21;0;20190122;133238;98.600000000;7
RU000A0JXN21;0;20190122;150526;98.410000000;2
RU000A0JXN21;0;20190122;150527;98.400000000;7
RU000A0JXN21;0;20190122;150527;98.400000000;30
RU000A0JXN21;0;20190122;160411;98.590000000;2
RU000A0JXN21;0;20190122;160411;98.600000000;98
RU000A0JXN21;0;20190122;172347;98.500000000;615
RU000A0JXN21;0;20190122;175845;98.420000000;1
RU000A0JXN21;0;20190123;100826;98.690000000;1
RU000A0JXN21;0;20190123;101551;98.430000000;3
RU000A0JXN21;0;20190123;101551;98.430000000;3
RU000A0JXN21;0;20190123;101639;98.430000000;4
RU000A0JXN21;0;20190123;101639;98.430000000;16
RU000A0JXN21;0;20190123;101716;98.420000000;3
RU000A0JXN21;0;20190123;102443;98.430000000;3
RU000A0JXN21;0;20190123;102504;98.430000000;20
RU000A0JXN21;0;20190123;102703;98.490000000;3
RU000A0JXN21;0;20190123;102734;98.500000000;5
RU000A0JXN21;0;20190123;105011;98.500000000;10
RU000A0JXN21;0;20190123;105231;98.500000000;253
RU000A0JXN21;0;20190123;112517;98.500000000;30
RU000A0JXN21;0;20190123;113922;98.500000000;3
RU000A0JXN21;0;20190123;114300;98.500000000;30
RU000A0JXN21;0;20190123;114509;98.490000000;3
RU000A0JXN21;0;20190123;114727;98.500000000;3
RU000A0JXN21;0;20190123;114951;98.500000000;3000
RU000A0JXN21;0;20190123;115308;98.490000000;3
RU000A0JXN21;0;20190123;115754;98.500000000;3
RU000A0JXN21;0;20190123;115917;98.490000000;3
RU000A0JXN21;0;20190123;120141;98.500000000;3
RU000A0JXN21;0;20190123;121946;98.490000000;41
RU000A0JXN21;0;20190123;121946;98.490000000;68
RU000A0JXN21;0;20190123;123514;98.480000000;3
RU000A0JXN21;0;20190123;123514;98.490000000;47
RU000A0JXN21;0;20190123;124050;98.490000000;3
RU000A0JXN21;0;20190123;124206;98.480000000;3
RU000A0JXN21;0;20190123;124402;98.490000000;3
RU000A0JXN21;0;20190123;124810;98.490000000;134
RU000A0JXN21;0;20190123;124810;98.490000000;100
RU000A0JXN21;0;20190123;124810;98.500000000;156
RU000A0JXN21;0;20190123;124847;98.500000000;10
RU000A0JXN21;0;20190123;125005;98.500000000;10
RU000A0JXN21;0;20190123;125800;98.500000000;20
RU000A0JXN21;0;20190123;130616;98.490000000;2
RU000A0JXN21;0;20190123;130727;98.490000000;1
RU000A0JXN21;0;20190123;130831;98.500000000;397
RU000A0JXN21;0;20190123;130946;98.500000000;95
RU000A0JXN21;0;20190123;131101;98.500000000;15
RU000A0JXN21;0;20190123;131146;98.500000000;3
RU000A0JXN21;0;20190123;131212;98.500000000;190
RU000A0JXN21;0;20190123;131237;98.490000000;3
RU000A0JXN21;0;20190123;131647;98.490000000;6
RU000A0JXN21;0;20190123;131647;98.480000000;17
RU000A0JXN21;0;20190123;131647;98.480000000;25
RU000A0JXN21;0;20190123;131647;98.480000000;15
RU000A0JXN21;0;20190123;131647;98.480000000;10
RU000A0JXN21;0;20190123;131647;98.440000000;5
RU000A0JXN21;0;20190123;131647;98.430000000;30
RU000A0JXN21;0;20190123;131647;98.430000000;30
RU000A0JXN21;0;20190123;131925;98.500000000;1
RU000A0JXN21;0;20190123;134816;98.490000000;5
RU000A0JXN21;0;20190123;140111;98.490000000;92
RU000A0JXN21;0;20190123;140111;98.490000000;5
RU000A0JXN21;0;20190123;140111;98.500000000;2308
RU000A0JXN21;0;20190123;145646;98.500000000;1
RU000A0JXN21;0;20190123;150153;98.500000000;19
RU000A0JXN21;0;20190123;152923;98.490000000;100
RU000A0JXN21;0;20190123;153529;98.500000000;3
RU000A0JXN21;0;20190123;153559;98.500000000;5
RU000A0JXN21;0;20190123;154349;98.490000000;3
RU000A0JXN21;0;20190123;154405;98.500000000;31
RU000A0JXN21;0;20190123;154450;98.500000000;3
RU000A0JXN21;0;20190123;154511;98.490000000;1
RU000A0JXN21;0;20190123;162445;98.490000000;2
RU000A0JXN21;0;20190123;164704;98.500000000;3
RU000A0JXN21;0;20190123;165200;98.500000000;5
RU000A0JXN21;0;20190123;165233;98.500000000;2000
RU000A0JXN21;0;20190123;165734;98.490000000;18
RU000A0JXN21;0;20190123;165734;98.450000000;50
RU000A0JXN21;0;20190123;165734;98.450000000;197
RU000A0JXN21;0;20190123;165734;98.450000000;200
RU000A0JXN21;0;20190123;165734;98.430000000;170
RU000A0JXN21;0;20190123;165734;98.420000000;35
RU000A0JXN21;0;20190123;165734;98.420000000;20
RU000A0JXN21;0;20190123;165734;98.420000000;230
RU000A0JXN21;0;20190123;165734;98.400000000;19
RU000A0JXN21;0;20190123;165734;98.360000000;20
RU000A0JXN21;0;20190123;165734;98.350000000;2
RU000A0JXN21;0;20190123;165734;98.250000000;100
RU000A0JXN21;0;20190123;165734;98.220000000;50
RU000A0JXN21;0;20190123;165734;98.210000000;79
RU000A0JXN21;0;20190123;171518;98.400000000;20
RU000A0JXN21;0;20190123;171610;98.400000000;10
RU000A0JXN21;0;20190124;113237;98.670000000;3
RU000A0JXN21;0;20190124;113408;98.670000000;3
RU000A0JXN21;0;20190124;115511;98.670000000;1
RU000A0JXN21;0;20190124;120008;98.670000000;1
RU000A0JXN21;0;20190124;122623;98.670000000;20
RU000A0JXN21;0;20190124;122623;98.680000000;75
RU000A0JXN21;0;20190124;122623;98.680000000;1
RU000A0JXN21;0;20190124;122623;98.690000000;100
RU000A0JXN21;0;20190124;122623;98.690000000;500
RU000A0JXN21;0;20190124;122623;98.700000000;2304
RU000A0JXN21;0;20190124;122828;98.700000000;5000
RU000A0JXN21;0;20190124;122956;98.320000000;3
RU000A0JXN21;0;20190124;122956;98.310000000;50
RU000A0JXN21;0;20190124;122956;98.310000000;50
RU000A0JXN21;0;20190124;122956;98.300000000;61
RU000A0JXN21;0;20190124;150247;98.590000000;3
RU000A0JXN21;0;20190124;162739;98.600000000;5
RU000A0JXN21;0;20190124;163034;98.600000000;2
RU000A0JXN21;0;20190124;163557;98.600000000;1
RU000A0JXN21;0;20190124;163557;98.600000000;2
RU000A0JXN21;0;20190124;163700;98.590000000;2
RU000A0JXN21;0;20190124;172958;98.580000000;1
RU000A0JXN21;0;20190124;175759;98.590000000;3
RU000A0JXN21;0;20190124;182248;98.590000000;73
RU000A0JXN21;0;20190124;182248;98.600000000;612
RU000A0JXN21;0;20190124;182248;98.650000000;795
RU000A0JXN21;0;20190125;100049;98.700000000;1
RU000A0JXN21;0;20190125;100049;98.700000000;1
RU000A0JXN21;0;20190125;100050;98.700000000;1
RU000A0JXN21;0;20190125;100051;98.700000000;1
RU000A0JXN21;0;20190125;100052;98.700000000;1
RU000A0JXN21;0;20190125;112935;98.690000000;4
RU000A0JXN21;0;20190125;114403;98.690000000;1
RU000A0JXN21;0;20190125;122120;98.690000000;15
RU000A0JXN21;0;20190125;122120;98.690000000;350
RU000A0JXN21;0;20190125;123023;98.690000000;42
RU000A0JXN21;0;20190125;123356;98.690000000;300
RU000A0JXN21;0;20190125;132921;98.680000000;6
RU000A0JXN21;0;20190125;132921;98.690000000;289
RU000A0JXN21;0;20190125;132921;98.690000000;500
RU000A0JXN21;0;20190125;132921;98.700000000;495
RU000A0JXN21;0;20190125;132921;98.700000000;315
RU000A0JXN21;0;20190125;150611;98.690000000;14
RU000A0JXN21;0;20190125;162401;98.650000000;3
RU000A0JXN21;0;20190125;170752;98.650000000;22
RU000A0JXN21;0;20190125;170752;98.650000000;28
RU000A0JXN21;0;20190125;171124;98.650000000;500
RU000A0JXN21;0;20190125;171126;98.650000000;20
RU000A0JXN21;0;20190125;171200;98.650000000;84
RU000A0JXN21;0;20190125;171239;98.650000000;5
RU000A0JXN21;0;20190125;171705;98.650000000;1
RU000A0JXN21;0;20190125;172744;98.650000000;3
RU000A0JXN21;0;20190125;174243;98.640000000;16
RU000A0JXN21;0;20190125;175613;98.650000000;5
RU000A0JXN21;0;20190125;181001;98.640000000;10
RU000A0JXN21;0;20190125;181815;98.650000000;100
RU000A0JXN21;0;20190125;182702;98.640000000;10
RU000A0JXN21;0;20190128;104027;98.650000000;25
RU000A0JXN21;0;20190128;113825;98.650000000;1
RU000A0JXN21;0;20190128;114130;98.600000000;1
RU000A0JXN21;0;20190128;115442;98.600000000;33
RU000A0JXN21;0;20190128;115450;98.600000000;2
RU000A0JXN21;0;20190128;120518;98.600000000;3
RU000A0JXN21;0;20190128;121512;98.650000000;30
RU000A0JXN21;0;20190128;121744;98.650000000;1
RU000A0JXN21;0;20190128;131414;98.600000000;47
RU000A0JXN21;0;20190128;131414;98.600000000;2710
RU000A0JXN21;0;20190128;131414;98.600000000;52
RU000A0JXN21;0;20190128;131447;98.600000000;18
RU000A0JXN21;0;20190128;131824;98.600000000;10
RU000A0JXN21;0;20190128;133957;98.600000000;2
RU000A0JXN21;0;20190128;135718;98.550000000;30
RU000A0JXN21;0;20190128;140521;98.500000000;17
RU000A0JXN21;0;20190128;140521;98.500000000;47
RU000A0JXN21;0;20190128;140521;98.440000000;2
RU000A0JXN21;0;20190128;140521;98.430000000;50
RU000A0JXN21;0;20190128;140521;98.310000000;300
RU000A0JXN21;0;20190128;143044;98.500000000;200
RU000A0JXN21;0;20190128;154709;98.500000000;59
RU000A0JXN21;0;20190128;160828;98.540000000;12
RU000A0JXN21;0;20190128;160828;98.540000000;43
RU000A0JXN21;0;20190128;160828;98.540000000;8
RU000A0JXN21;0;20190128;160828;98.540000000;19
RU000A0JXN21;0;20190128;160828;98.550000000;138
RU000A0JXN21;0;20190128;160828;98.600000000;385
RU000A0JXN21;0;20190128;160828;98.600000000;12
RU000A0JXN21;0;20190128;160828;98.600000000;51
RU000A0JXN21;0;20190128;160828;98.600000000;51
RU000A0JXN21;0;20190128;160828;98.600000000;52
RU000A0JXN21;0;20190128;160828;98.600000000;52
RU000A0JXN21;0;20190128;160828;98.600000000;127
RU000A0JXN21;0;20190128;160828;98.600000000;12
RU000A0JXN21;0;20190128;160828;98.600000000;43
RU000A0JXN21;0;20190128;160828;98.600000000;8
RU000A0JXN21;0;20190128;160828;98.600000000;12
RU000A0JXN21;0;20190128;160828;98.600000000;542
RU000A0JXN21;0;20190128;160828;98.600000000;51
RU000A0JXN21;0;20190128;160828;98.600000000;127
RU000A0JXN21;0;20190128;160828;98.600000000;12
RU000A0JXN21;0;20190128;160828;98.600000000;42
RU000A0JXN21;0;20190128;160828;98.600000000;7
RU000A0JXN21;0;20190128;160828;98.600000000;11
RU000A0JXN21;0;20190128;160828;98.600000000;542
RU000A0JXN21;0;20190128;160828;98.600000000;12
RU000A0JXN21;0;20190128;160828;98.600000000;42
RU000A0JXN21;0;20190128;160828;98.600000000;7
RU000A0JXN21;0;20190128;160828;98.600000000;11
RU000A0JXN21;0;20190128;160828;98.600000000;542
RU000A0JXN21;0;20190128;160828;98.600000000;11
RU000A0JXN21;0;20190128;160828;98.600000000;42
RU000A0JXN21;0;20190128;160828;98.600000000;7
RU000A0JXN21;0;20190128;160828;98.600000000;11
RU000A0JXN21;0;20190128;161155;98.600000000;108
RU000A0JXN21;0;20190128;161155;98.600000000;31
RU000A0JXN21;0;20190128;161155;98.600000000;41
RU000A0JXN21;0;20190128;161155;98.600000000;41
RU000A0JXN21;0;20190128;161155;98.600000000;41
RU000A0JXN21;0;20190128;161155;98.600000000;76
RU000A0JXN21;0;20190128;161155;98.600000000;108
RU000A0JXN21;0;20190128;161155;98.600000000;30
RU000A0JXN21;0;20190128;161155;98.600000000;41
RU000A0JXN21;0;20190128;161155;98.600000000;41
RU000A0JXN21;0;20190128;161155;98.600000000;41
RU000A0JXN21;0;20190128;161155;98.600000000;108
RU000A0JXN21;0;20190128;161155;98.600000000;30
RU000A0JXN21;0;20190128;161155;98.600000000;107
RU000A0JXN21;0;20190128;161155;98.600000000;107
RU000A0JXN21;0;20190128;164511;98.500000000;3441
RU000A0JXN21;0;20190128;170106;98.450000000;3
RU000A0JXN21;0;20190128;170106;98.410000000;2
RU000A0JXN21;0;20190128;170415;98.400000000;50
RU000A0JXN21;0;20190128;171703;98.400000000;433
RU000A0JXN21;0;20190129;101513;98.400000000;5
RU000A0JXN21;0;20190129;101732;98.400000000;5
RU000A0JXN21;0;20190129;105458;98.260000000;2
RU000A0JXN21;0;20190129;105815;98.250000000;185
RU000A0JXN21;0;20190129;105815;98.220000000;1
RU000A0JXN21;0;20190129;105815;98.000000000;10
RU000A0JXN21;0;20190129;105815;96.500000000;5
RU000A0JXN21;0;20190129;105815;95.900000000;5
RU000A0JXN21;0;20190129;111747;98.600000000;99
RU000A0JXN21;0;20190129;115609;98.500000000;1
RU000A0JXN21;0;20190129;140747;98.510000000;5
RU000A0JXN21;0;20190129;163720;98.580000000;2
RU000A0JXN21;0;20190129;163720;98.590000000;2
RU000A0JXN21;0;20190129;163720;98.600000000;421
RU000A0JXN21;0;20190129;163910;98.600000000;3880
RU000A0JXN21;0;20190129;172530;98.600000000;45
RU000A0JXN21;0;20190129;173114;98.600000000;7
RU000A0JXN21;0;20190129;174458;98.550000000;7
RU000A0JXN21;0;20190129;174458;98.510000000;5
RU000A0JXN21;0;20190129;174458;98.500000000;25
RU000A0JXN21;0;20190129;183212;98.500000000;10
RU000A0JXN21;0;20190130;101806;98.640000000;1
RU000A0JXN21;0;20190130;102032;98.640000000;9
RU000A0JXN21;0;20190130;110149;98.640000000;34
RU000A0JXN21;0;20190130;110227;98.640000000;11
RU000A0JXN21;0;20190130;111047;98.650000000;2
RU000A0JXN21;0;20190130;123346;98.550000000;9
RU000A0JXN21;0;20190130;123346;98.400000000;41
RU000A0JXN21;0;20190130;143921;98.630000000;1
RU000A0JXN21;0;20190131;100954;98.610000000;4
RU000A0JXN21;0;20190131;115306;98.600000000;18
RU000A0JXN21;0;20190131;115703;98.600000000;1
RU000A0JXN21;0;20190131;120544;98.500000000;18
RU000A0JXN21;0;20190131;122930;98.590000000;1
RU000A0JXN21;0;20190131;125827;98.510000000;10
RU000A0JXN21;0;20190131;153614;98.590000000;12
RU000A0JXN21;0;20190131;153614;98.590000000;6
RU000A0JXN21;0;20190131;153614;98.600000000;18
RU000A0JXN21;0;20190131;153614;98.600000000;25
RU000A0JXN21;0;20190131;153614;98.600000000;25
RU000A0JXN21;0;20190131;153614;98.600000000;61
RU000A0JXN21;0;20190131;153614;98.600000000;12
RU000A0JXN21;0;20190131;153614;98.600000000;24
RU000A0JXN21;0;20190131;153614;98.600000000;16
RU000A0JXN21;0;20190131;153614;98.640000000;9
RU000A0JXN21;0;20190131;153614;98.640000000;25
RU000A0JXN21;0;20190131;153614;98.640000000;60
RU000A0JXN21;0;20190131;153614;98.640000000;12
RU000A0JXN21;0;20190131;153614;98.640000000;24
RU000A0JXN21;0;20190131;153614;98.640000000;25
RU000A0JXN21;0;20190131;153614;98.640000000;25
RU000A0JXN21;0;20190131;153614;98.640000000;20
RU000A0JXN21;0;20190131;153614;98.650000000;40
RU000A0JXN21;0;20190131;153614;98.650000000;12
RU000A0JXN21;0;20190131;153614;98.650000000;24
RU000A0JXN21;0;20190131;153614;98.650000000;24
RU000A0JXN21;0;20190131;153614;98.650000000;24
RU000A0JXN21;0;20190131;153614;98.650000000;60
RU000A0JXN21;0;20190131;153614;98.650000000;12
RU000A0JXN21;0;20190131;153614;98.650000000;23
RU000A0JXN21;0;20190131;153614;98.650000000;22
RU000A0JXN21;0;20190131;153614;98.650000000;1
RU000A0JXN21;0;20190131;153614;98.680000000;1
RU000A0JXN21;0;20190131;153614;98.680000000;24
RU000A0JXN21;0;20190131;153614;98.680000000;60
RU000A0JXN21;0;20190131;163633;98.520000000;3
RU000A0JXN21;0;20190131;163633;98.510000000;20
RU000A0JXN21;0;20190131;163633;98.510000000;300
RU000A0JXN21;0;20190131;163633;98.500000000;177
RU000A0JXN21;0;20190131;175233;98.500000000;40
RU000A0JXN21;0;20190201;115217;98.640000000;3
RU000A0JXN21;0;20190201;121205;98.510000000;3
RU000A0JXN21;0;20190201;121205;98.500000000;100
RU000A0JXN21;0;20190201;121205;98.500000000;47
RU000A0JXN21;0;20190201;122509;98.640000000;3
RU000A0JXN21;0;20190201;123906;98.650000000;2
RU000A0JXN21;0;20190201;142139;98.690000000;3
RU000A0JXN21;0;20190201;142139;98.690000000;93
RU000A0JXN21;0;20190201;142139;98.700000000;88
RU000A0JXN21;0;20190201;143022;98.700000000;3
RU000A0JXN21;0;20190201;143222;98.510000000;3
RU000A0JXN21;0;20190201;143222;98.500000000;22
RU000A0JXN21;0;20190201;161526;98.590000000;3
RU000A0JXN21;0;20190204;111257;98.600000000;4
RU000A0JXN21;0;20190204;112216;98.690000000;1
RU000A0JXN21;0;20190204;112855;98.690000000;5
RU000A0JXN21;0;20190204;114112;98.620000000;2
RU000A0JXN21;0;20190204;114209;98.610000000;3
RU000A0JXN21;0;20190204;121050;98.620000000;19
RU000A0JXN21;0;20190204;122103;98.620000000;5
RU000A0JXN21;0;20190204;123347;98.620000000;1
RU000A0JXN21;0;20190204;124641;98.620000000;20
RU000A0JXN21;0;20190204;133116;98.640000000;1
RU000A0JXN21;0;20190204;144906;98.640000000;11
RU000A0JXN21;0;20190204;152658;98.640000000;13
RU000A0JXN21;0;20190204;152658;98.640000000;3
RU000A0JXN21;0;20190204;153510;98.620000000;1
RU000A0JXN21;0;20190204;153557;98.620000000;49
RU000A0JXN21;0;20190204;161350;98.600000000;1
RU000A0JXN21;0;20190204;163935;98.600000000;1
RU000A0JXN21;0;20190204;174429;98.600000000;1
RU000A0JXN21;0;20190204;174457;98.580000000;1
RU000A0JXN21;0;20190204;174504;98.630000000;1
RU000A0JXN21;0;20190204;174549;98.510000000;1
RU000A0JXN21;0;20190204;175256;98.510000000;3
RU000A0JXN21;0;20190204;175256;98.510000000;100
RU000A0JXN21;0;20190204;180359;98.500000000;184
RU000A0JXN21;0;20190204;181041;98.500000000;50
RU000A0JXN21;0;20190204;182607;98.630000000;3
RU000A0JXN21;0;20190205;102221;98.640000000;1
RU000A0JXN21;0;20190205;112621;98.640000000;3
RU000A0JXN21;0;20190205;113410;98.640000000;21
RU000A0JXN21;0;20190205;113535;98.640000000;5
RU000A0JXN21;0;20190205;123932;98.530000000;1
RU000A0JXN21;0;20190205;140401;98.510000000;1
RU000A0JXN21;0;20190205;140454;98.510000000;1
RU000A0JXN21;0;20190205;140454;98.510000000;260
RU000A0JXN21;0;20190205;140454;98.500000000;1
RU000A0JXN21;0;20190205;150036;98.500000000;382
RU000A0JXN21;0;20190205;151309;98.530000000;10
RU000A0JXN21;0;20190205;164937;98.530000000;44
RU000A0JXN21;0;20190205;165128;98.530000000;45
RU000A0JXN21;0;20190205;170633;98.640000000;1
RU000A0JXN21;0;20190206;100945;98.620000000;1
RU000A0JXN21;0;20190206;105056;98.510000000;2
RU000A0JXN21;0;20190206;105056;98.500000000;23
RU000A0JXN21;0;20190206;111208;98.590000000;2
RU000A0JXN21;0;20190206;115134;98.600000000;1
RU000A0JXN21;0;20190206;121547;98.600000000;1
RU000A0JXN21;0;20190206;121816;98.600000000;4
RU000A0JXN21;0;20190206;122520;98.600000000;281
RU000A0JXN21;0;20190206;122758;98.620000000;1
RU000A0JXN21;0;20190206;131452;98.600000000;478
RU000A0JXN21;0;20190206;144058;98.600000000;1
RU000A0JXN21;0;20190206;165314;98.600000000;40
RU000A0JXN21;0;20190206;165809;98.600000000;19
RU000A0JXN21;0;20190206;174759;98.590000000;3
RU000A0JXN21;0;20190206;174759;98.510000000;200
RU000A0JXN21;0;20190206;174759;98.510000000;42
RU000A0JXN21;0;20190206;181043;98.550000000;5
RU000A0JXN21;0;20190206;183010;98.600000000;200
RU000A0JXN21;0;20190206;183753;98.600000000;5
RU000A0JXN21;0;20190206;183932;98.600000000;257
RU000A0JXN21;0;20190206;183932;98.600000000;10
RU000A0JXN21;0;20190206;183958;98.600000000;5
RU000A0JXN21;0;20190206;183958;98.550000000;345
RU000A0JXN21;0;20190206;184221;98.550000000;228
RU000A0JXN21;0;20190206;184310;98.550000000;500
RU000A0JXN21;0;20190206;184326;98.550000000;400
RU000A0JXN21;0;20190207;110818;98.600000000;1
RU000A0JXN21;0;20190207;123151;98.540000000;10
RU000A0JXN21;0;20190207;123400;98.540000000;15
RU000A0JXN21;0;20190207;123400;98.540000000;1
RU000A0JXN21;0;20190207;133500;98.600000000;100
RU000A0JXN21;0;20190207;145042;98.510000000;158
RU000A0JXN21;0;20190207;145042;98.510000000;19
RU000A0JXN21;0;20190207;145852;98.510000000;177
RU000A0JXN21;0;20190207;171246;98.510000000;3
RU000A0JXN21;0;20190207;171246;98.500000000;3
RU000A0JXN21;0;20190207;171246;98.400000000;24
RU000A0JXN21;0;20190207;172424;98.580000000;3
RU000A0JXN21;0;20190207;172424;98.590000000;123
RU000A0JXN21;0;20190207;172424;98.600000000;794
RU000A0JXN21;0;20190207;174414;98.600000000;200
RU000A0JXN21;0;20190207;174949;98.600000000;5
RU000A0JXN21;0;20190207;181550;98.600000000;600
RU000A0JXN21;0;20190207;182440;98.600000000;151
RU000A0JXN21;0;20190208;134743;98.320000000;2
RU000A0JXN21;0;20190208;135340;98.500000000;955
RU000A0JXN21;0;20190208;135340;98.500000000;1
RU000A0JXN21;0;20190208;142011;98.500000000;41
RU000A0JXN21;0;20190208;143251;98.500000000;1
RU000A0JXN21;0;20190208;153059;98.500000000;2000
RU000A0JXN21;0;20190208;154601;98.500000000;35
RU000A0JXN21;0;20190208;155306;98.500000000;22
RU000A0JXN21;0;20190208;155848;98.500000000;2
RU000A0JXN21;0;20190208;162027;98.500000000;1
RU000A0JXN21;0;20190208;165012;98.500000000;1
RU000A0JXN21;0;20190208;165913;98.500000000;250
RU000A0JXN21;0;20190208;170259;98.500000000;1
RU000A0JXN21;0;20190208;170607;98.500000000;1
RU000A0JXN21;0;20190208;171155;98.500000000;2
RU000A0JXN21;0;20190208;180746;98.500000000;1
RU000A0JXN21;0;20190208;181416;98.500000000;20
RU000A0JXN21;0;20190208;184450;98.500000000;250
RU000A0JXN21;0;20190211;101902;98.500000000;15
RU000A0JXN21;0;20190211;102647;98.500000000;2
RU000A0JXN21;0;20190211;112511;98.400000000;9
RU000A0JXN21;0;20190211;114057;98.400000000;1
RU000A0JXN21;0;20190211;114322;98.400000000;31
RU000A0JXN21;0;20190211;124337;98.420000000;300
RU000A0JXN21;0;20190211;124337;98.410000000;181
RU000A0JXN21;0;20190211;124337;98.400000000;61
RU000A0JXN21;0;20190211;140122;98.490000000;10
RU000A0JXN21;0;20190211;140945;98.370000000;2
RU000A0JXN21;0;20190211;140945;98.360000000;4
RU000A0JXN21;0;20190211;140945;98.350000000;5
RU000A0JXN21;0;20190211;140945;98.310000000;2
RU000A0JXN21;0;20190211;140945;98.300000000;39
RU000A0JXN21;0;20190211;142546;98.300000000;5
RU000A0JXN21;0;20190211;153530;98.440000000;9
RU000A0JXN21;0;20190211;161020;98.400000000;1
RU000A0JXN21;0;20190211;172505;98.400000000;40
RU000A0JXN21;0;20190211;172505;98.400000000;160
RU000A0JXN21;0;20190211;172840;98.440000000;2
RU000A0JXN21;0;20190212;122814;98.310000000;2
RU000A0JXN21;0;20190212;122830;98.300000000;46
RU000A0JXN21;0;20190212;122830;98.300000000;10
RU000A0JXN21;0;20190212;125807;98.260000000;2
RU000A0JXN21;0;20190212;132200;98.260000000;4
RU000A0JXN21;0;20190212;132214;98.260000000;8
RU000A0JXN21;0;20190212;154841;98.260000000;1
RU000A0JXN21;0;20190212;160940;98.450000000;2
RU000A0JXN21;0;20190212;160940;98.460000000;48
RU000A0JXN21;0;20190212;162945;98.460000000;2
RU000A0JXN21;0;20190212;162945;98.470000000;76
RU000A0JXN21;0;20190212;164441;98.460000000;16
RU000A0JXN21;0;20190212;164441;98.470000000;84
RU000A0JXN21;0;20190212;175716;98.460000000;17
RU000A0JXN21;0;20190212;184107;98.470000000;7
RU000A0JXN21;0;20190213;105154;98.450000000;50
RU000A0JXN21;0;20190213;105414;98.450000000;100
RU000A0JXN21;0;20190213;122140;98.320000000;1
RU000A0JXN21;0;20190213;124725;98.320000000;10
RU000A0JXN21;0;20190213;124815;98.320000000;12
RU000A0JXN21;0;20190213;132136;98.320000000;7
RU000A0JXN21;0;20190213;133146;98.420000000;2
RU000A0JXN21;0;20190213;133146;98.430000000;18
RU000A0JXN21;0;20190213;134201;98.430000000;9
RU000A0JXN21;0;20190213;144333;98.430000000;12
RU000A0JXN21;0;20190213;144636;98.310000000;2
RU000A0JXN21;0;20190213;144636;98.300000000;1
RU000A0JXN21;0;20190213;152723;98.420000000;1
RU000A0JXN21;0;20190213;152723;98.420000000;1
RU000A0JXN21;0;20190213;152724;98.430000000;1
RU000A0JXN21;0;20190213;152725;98.430000000;1
RU000A0JXN21;0;20190213;152725;98.430000000;1
RU000A0JXN21;0;20190213;152726;98.430000000;1
RU000A0JXN21;0;20190213;152727;98.430000000;1
RU000A0JXN21;0;20190213;152727;98.430000000;1
RU000A0JXN21;0;20190213;152728;98.430000000;1
RU000A0JXN21;0;20190213;152728;98.430000000;1
RU000A0JXN21;0;20190213;152729;98.430000000;1
RU000A0JXN21;0;20190213;152730;98.430000000;1
RU000A0JXN21;0;20190213;152731;98.430000000;1
RU000A0JXN21;0;20190213;174231;98.410000000;7
RU000A0JXN21;0;20190213;174352;98.410000000;11
RU000A0JXN21;0;20190213;180700;98.410000000;4
RU000A0JXN21;0;20190213;181251;98.410000000;28
RU000A0JXN21;0;20190213;183034;98.380000000;1
RU000A0JXN21;0;20190214;103638;98.060000000;2
RU000A0JXN21;0;20190214;103638;98.050000000;100
RU000A0JXN21;0;20190214;104141;98.000000000;48
RU000A0JXN21;0;20190214;104330;98.300000000;15
RU000A0JXN21;0;20190214;104330;98.000000000;52
RU000A0JXN21;0;20190214;104330;98.000000000;8
RU000A0JXN21;0;20190214;104330;98.000000000;1
RU000A0JXN21;0;20190214;104804;97.500000000;3
RU000A0JXN21;0;20190214;104901;97.990000000;2
RU000A0JXN21;0;20190214;104901;98.000000000;8
RU000A0JXN21;0;20190214;105129;98.000000000;6
RU000A0JXN21;0;20190214;105215;98.400000000;7
RU000A0JXN21;0;20190214;111034;98.400000000;43
RU000A0JXN21;0;20190214;113616;97.710000000;2
RU000A0JXN21;0;20190214;113632;97.710000000;30
RU000A0JXN21;0;20190214;142752;98.410000000;2
RU000A0JXN21;0;20190214;145652;98.390000000;30
RU000A0JXN21;0;20190214;145732;98.390000000;9
RU000A0JXN21;0;20190214;153146;98.390000000;11
RU000A0JXN21;0;20190214;173909;98.210000000;2
RU000A0JXN21;0;20190214;173909;98.200000000;10
RU000A0JXN21;0;20190214;173909;98.200000000;8
RU000A0JXN21;0;20190215;125739;98.430000000;1
RU000A0JXN21;0;20190215;132113;98.380000000;8
RU000A0JXN21;0;20190215;152047;98.400000000;1
RU000A0JXN21;0;20190215;155234;98.300000000;4
RU000A0JXN21;0;20190215;164711;98.300000000;3
RU000A0JXN21;0;20190215;165852;98.410000000;5
RU000A0JXN21;0;20190215;171330;98.410000000;20
RU000A0JXN21;0;20190215;171330;98.410000000;20
RU000A0JXN21;0;20190215;175320;98.340000000;1
RU000A0JXN21;0;20190218;121815;98.450000000;123
RU000A0JXN21;0;20190218;123111;98.320000000;2
RU000A0JXN21;0;20190218;123305;98.320000000;2
RU000A0JXN21;0;20190218;123419;98.440000000;2
RU000A0JXN21;0;20190218;124810;98.450000000;30
RU000A0JXN21;0;20190218;142635;98.450000000;15
RU000A0JXN21;0;20190218;142929;98.440000000;10
RU000A0JXN21;0;20190218;144900;98.450000000;10
RU000A0JXN21;0;20190218;163427;98.450000000;30
RU000A0JXN21;0;20190218;180144;98.400000000;9
RU000A0JXN21;0;20190219;100902;98.450000000;100
RU000A0JXN21;0;20190219;101013;98.450000000;11
RU000A0JXN21;0;20190219;101503;98.420000000;50
RU000A0JXN21;0;20190219;102000;98.450000000;5
RU000A0JXN21;0;20190219;102001;98.450000000;2
RU000A0JXN21;0;20190219;102358;98.310000000;2
RU000A0JXN21;0;20190219;102358;98.310000000;10
RU000A0JXN21;0;20190219;102358;98.300000000;13
RU000A0JXN21;0;20190219;105908;98.440000000;2
RU000A0JXN21;0;20190219;105908;98.450000000;45
RU000A0JXN21;0;20190219;115756;98.450000000;400
RU000A0JXN21;0;20190219;120030;98.380000000;3
RU000A0JXN21;0;20190219;122143;98.440000000;3
RU000A0JXN21;0;20190219;123225;98.440000000;1
RU000A0JXN21;0;20190219;131843;98.450000000;50
RU000A0JXN21;0;20190219;131900;98.450000000;10
RU000A0JXN21;0;20190219;131940;98.450000000;10
RU000A0JXN21;0;20190219;153151;98.370000000;5
RU000A0JXN21;0;20190219;153151;98.370000000;2
RU000A0JXN21;0;20190219;153232;98.360000000;23
RU000A0JXN21;0;20190219;160853;98.370000000;3
RU000A0JXN21;0;20190219;160853;98.360000000;33
RU000A0JXN21;0;20190219;170215;98.330000000;5
RU000A0JXN21;0;20190219;170215;98.330000000;45
RU000A0JXN21;0;20190219;173548;98.360000000;5
RU000A0JXN21;0;20190220;102106;98.440000000;2
RU000A0JXN21;0;20190220;104629;98.440000000;1
RU000A0JXN21;0;20190220;122311;98.430000000;1
RU000A0JXN21;0;20190220;122422;98.430000000;9
RU000A0JXN21;0;20190220;122422;98.300000000;17
RU000A0JXN21;0;20190220;122422;98.300000000;1991
RU000A0JXN21;0;20190220;130032;98.440000000;1
RU000A0JXN21;0;20190220;130531;98.310000000;3
RU000A0JXN21;0;20190220;130531;98.300000000;9
RU000A0JXN21;0;20190220;130531;98.300000000;29
RU000A0JXN21;0;20190220;130531;98.300000000;7
RU000A0JXN21;0;20190220;142245;98.390000000;3
RU000A0JXN21;0;20190220;142245;98.400000000;88
RU000A0JXN21;0;20190220;153717;98.400000000;2
RU000A0JXN21;0;20190220;155526;98.390000000;1
RU000A0JXN21;0;20190220;163111;98.390000000;10
RU000A0JXN21;0;20190220;172308;98.310000000;2
RU000A0JXN21;0;20190220;172308;98.300000000;1
RU000A0JXN21;0;20190220;172308;98.300000000;6
RU000A0JXN21;0;20190220;182250;98.400000000;20
RU000A0JXN21;0;20190221;105557;98.400000000;8
RU000A0JXN21;0;20190221;105656;98.400000000;99
RU000A0JXN21;0;20190221;111258;98.400000000;14
RU000A0JXN21;0;20190221;115309;98.400000000;68
RU000A0JXN21;0;20190221;115309;98.440000000;1442
RU000A0JXN21;0;20190221;123115;98.440000000;1
RU000A0JXN21;0;20190221;124738;98.440000000;2447
RU000A0JXN21;0;20190221;124738;98.450000000;1723
RU000A0JXN21;0;20190221;134739;98.450000000;32
RU000A0JXN21;0;20190221;142149;98.390000000;1
RU000A0JXN21;0;20190221;143809;98.390000000;1
RU000A0JXN21;0;20190221;150225;98.310000000;2
RU000A0JXN21;0;20190221;150225;98.300000000;35
RU000A0JXN21;0;20190221;150225;98.300000000;2
RU000A0JXN21;0;20190221;150225;98.260000000;2
RU000A0JXN21;0;20190221;150225;98.100000000;3
RU000A0JXN21;0;20190221;150225;98.020000000;5
RU000A0JXN21;0;20190221;150225;98.010000000;20
RU000A0JXN21;0;20190221;152458;98.380000000;2
RU000A0JXN21;0;20190221;152458;98.380000000;5
RU000A0JXN21;0;20190221;152632;98.380000000;13
RU000A0JXN21;0;20190221;154235;98.390000000;1
RU000A0JXN21;0;20190221;175804;98.390000000;10
RU000A0JXN21;0;20190222;102448;98.450000000;1
RU000A0JXN21;0;20190222;112128;98.450000000;50
RU000A0JXN21;0;20190222;112939;98.450000000;100
RU000A0JXN21;0;20190222;122715;98.450000000;50
RU000A0JXN21;0;20190222;125712;98.450000000;615
RU000A0JXN21;0;20190222;155105;98.440000000;4
RU000A0JXN21;0;20190222;155631;98.350000000;29
RU000A0JXN21;0;20190222;155917;98.260000000;3
RU000A0JXN21;0;20190222;155917;98.250000000;10
RU000A0JXN21;0;20190222;155917;98.230000000;30
RU000A0JXN21;0;20190222;155917;98.220000000;50
RU000A0JXN21;0;20190222;155917;98.200000000;20
RU000A0JXN21;0;20190222;155917;98.170000000;5
RU000A0JXN21;0;20190222;155917;98.160000000;50
RU000A0JXN21;0;20190222;155917;98.150000000;50
RU000A0JXN21;0;20190222;155917;98.120000000;30
RU000A0JXN21;0;20190222;160231;98.440000000;1
RU000A0JXN21;0;20190222;174338;98.340000000;2
RU000A0JXN21;0;20190222;174511;98.350000000;86
RU000A0JXN21;0;20190222;174722;98.350000000;3
RU000A0JXN21;0;20190222;175419;98.300000000;20
RU000A0JXN21;0;20190222;181856;98.210000000;10
RU000A0JXN21;0;20190222;181856;98.200000000;40
RU000A0JXN21;0;20190222;183704;98.300000000;1000
RU000A0JXN21;0;20190222;183849;98.300000000;30
RU000A0JXN21;0;20190222;184013;98.300000000;945
RU000A0JXN21;0;20190222;184200;98.300000000;20
RU000A0JXN21;0;20190222;184316;98.300000000;8
RU000A0JXN21;0;20190225;095959;97.860000000;60
RU000A0JXN21;0;20190225;100003;97.700000000;2
RU000A0JXN21;0;20190225;100003;97.700000000;3
RU000A0JXN21;0;20190225;100011;97.700000000;10
RU000A0JXN21;0;20190225;100018;97.700000000;300
RU000A0JXN21;0;20190225;100040;97.700000000;200
RU000A0JXN21;0;20190225;100048;97.700000000;200
RU000A0JXN21;0;20190225;100203;97.700000000;1111
RU000A0JXN21;0;20190225;100215;97.700000000;20
RU000A0JXN21;0;20190225;100226;97.700000000;94
RU000A0JXN21;0;20190225;100336;98.200000000;4
RU000A0JXN21;0;20190225;100403;98.200000000;45
RU000A0JXN21;0;20190225;101317;98.200000000;50
RU000A0JXN21;0;20190225;101333;98.200000000;28
RU000A0JXN21;0;20190225;102309;98.030000000;1
RU000A0JXN21;0;20190225;102309;98.030000000;19
RU000A0JXN21;0;20190225;103523;98.190000000;1
RU000A0JXN21;0;20190225;103523;98.200000000;2
RU000A0JXN21;0;20190225;103713;98.200000000;13
RU000A0JXN21;0;20190225;105644;98.200000000;5
RU000A0JXN21;0;20190225;105846;98.200000000;1
RU000A0JXN21;0;20190225;110449;98.200000000;1
RU000A0JXN21;0;20190225;110544;98.200000000;1
RU000A0JXN21;0;20190225;111457;98.160000000;196
RU000A0JXN21;0;20190225;112409;98.160000000;11
RU000A0JXN21;0;20190225;113038;98.200000000;3
RU000A0JXN21;0;20190225;113348;98.200000000;1
RU000A0JXN21;0;20190225;114039;98.200000000;140
RU000A0JXN21;0;20190225;114039;98.200000000;260
RU000A0JXN21;0;20190225;114153;98.200000000;22
RU000A0JXN21;0;20190225;114537;98.200000000;281
RU000A0JXN21;0;20190225;114544;98.200000000;19
RU000A0JXN21;0;20190225;115434;98.200000000;1
RU000A0JXN21;0;20190225;122021;98.200000000;40
RU000A0JXN21;0;20190225;123444;98.200000000;3
RU000A0JXN21;0;20190225;133017;98.200000000;20
RU000A0JXN21;0;20190225;145019;98.200000000;2
RU000A0JXN21;0;20190225;145855;98.200000000;8
RU000A0JXN21;0;20190225;145902;98.200000000;92
RU000A0JXN21;0;20190225;150758;98.160000000;1
RU000A0JXN21;0;20190225;150758;98.160000000;615
RU000A0JXN21;0;20190225;150805;98.200000000;1
RU000A0JXN21;0;20190225;151541;98.180000000;8
RU000A0JXN21;0;20190225;160102;98.180000000;70
RU000A0JXN21;0;20190225;160403;98.180000000;20
RU000A0JXN21;0;20190225;161639;98.180000000;9
RU000A0JXN21;0;20190225;161639;98.270000000;2
RU000A0JXN21;0;20190225;164627;98.160000000;3
RU000A0JXN21;0;20190225;164627;98.150000000;5
RU000A0JXN21;0;20190225;164627;98.150000000;3
RU000A0JXN21;0;20190225;164627;98.150000000;2
RU000A0JXN21;0;20190225;164627;98.110000000;10
RU000A0JXN21;0;20190225;164627;98.100000000;2
RU000A0JXN21;0;20190225;164627;98.100000000;4
RU000A0JXN21;0;20190225;164627;98.100000000;10
RU000A0JXN21;0;20190225;164627;98.030000000;1
RU000A0JXN21;0;20190225;164627;98.030000000;5
RU000A0JXN21;0;20190225;165051;98.260000000;1
RU000A0JXN21;0;20190225;171644;98.260000000;2
RU000A0JXN21;0;20190225;171644;98.270000000;4
RU000A0JXN21;0;20190225;181337;98.200000000;1
RU000A0JXN21;0;20190225;183351;98.150000000;80
RU000A0JXN21;0;20190225;184308;98.190000000;12
RU000A0JXN21;0;20190225;184350;98.190000000;140
RU000A0JXN21;0;20190225;184456;98.150000000;20
RU000A0JXN21;0;20190226;102716;98.020000000;1
RU000A0JXN21;0;20190226;102716;98.010000000;1
RU000A0JXN21;0;20190226;105552;98.190000000;1
RU000A0JXN21;0;20190226;112843;98.180000000;10
RU000A0JXN21;0;20190226;123348;98.180000000;50
RU000A0JXN21;0;20190226;123348;98.180000000;50
RU000A0JXN21;0;20190226;143053;98.110000000;3
RU000A0JXN21;0;20190226;143053;98.100000000;30
RU000A0JXN21;0;20190226;144617;98.140000000;1
RU000A0JXN21;0;20190226;162431;98.140000000;2
RU000A0JXN21;0;20190226;170514;98.150000000;99
RU000A0JXN21;0;20190226;170514;98.170000000;103
RU000A0JXN21;0;20190226;170514;98.190000000;98
RU000A0JXN21;0;20190226;173351;98.190000000;102
RU000A0JXN21;0;20190226;173351;98.190000000;198
RU000A0JXN21;0;20190226;180919;98.190000000;5
RU000A0JXN21;0;20190226;181307;98.190000000;10
RU000A0JXN21;0;20190226;183038;98.190000000;2
RU000A0JXN21;0;20190227;113100;98.250000000;1
RU000A0JXN21;0;20190227;114421;98.050000000;1
RU000A0JXN21;0;20190227;114621;98.050000000;1
RU000A0JXN21;0;20190227;114746;98.050000000;10
RU000A0JXN21;0;20190227;115443;98.050000000;8
RU000A0JXN21;0;20190227;115556;98.230000000;1
RU000A0JXN21;0;20190227;120625;98.200000000;130
RU000A0JXN21;0;20190227;123212;98.190000000;141
RU000A0JXN21;0;20190227;124238;98.120000000;3
RU000A0JXN21;0;20190227;124238;98.120000000;1997
RU000A0JXN21;0;20190227;124249;98.150000000;3
RU000A0JXN21;0;20190227;124854;98.180000000;3
RU000A0JXN21;0;20190227;124854;98.190000000;39
RU000A0JXN21;0;20190227;131428;98.190000000;50
RU000A0JXN21;0;20190227;135036;98.160000000;3
RU000A0JXN21;0;20190227;135043;98.160000000;3
RU000A0JXN21;0;20190227;135846;98.150000000;3
RU000A0JXN21;0;20190227;140241;98.120000000;501
RU000A0JXN21;0;20190227;140943;98.190000000;4
RU000A0JXN21;0;20190227;145831;98.180000000;115
RU000A0JXN21;0;20190227;151309;98.130000000;5
RU000A0JXN21;0;20190227;151309;98.130000000;50
RU000A0JXN21;0;20190227;151335;98.120000000;267
RU000A0JXN21;0;20190227;153053;98.240000000;2
RU000A0JXN21;0;20190227;162422;98.180000000;25
RU000A0JXN21;0;20190227;173757;98.180000000;47
RU000A0JXN21;0;20190227;174434;98.180000000;230
RU000A0JXN21;0;20190227;174606;98.190000000;70
RU000A0JXN21;0;20190227;181926;98.190000000;43
RU000A0JXN21;0;20190227;181926;98.190000000;7
RU000A0JXN21;0;20190227;183203;98.130000000;5
RU000A0JXN21;0;20190227;183203;98.110000000;45
RU000A0JXN21;0;20190228;102413;98.100000000;5
RU000A0JXN21;0;20190228;102508;98.110000000;1
RU000A0JXN21;0;20190228;102514;98.110000000;1
RU000A0JXN21;0;20190228;102544;98.110000000;50
RU000A0JXN21;0;20190228;102715;98.110000000;50
RU000A0JXN21;0;20190228;103133;98.100000000;2
RU000A0JXN21;0;20190228;103320;98.110000000;12
RU000A0JXN21;0;20190228;103545;98.110000000;5
RU000A0JXN21;0;20190228;104018;98.110000000;15
RU000A0JXN21;0;20190228;110005;98.110000000;2
RU000A0JXN21;0;20190228;112941;98.100000000;2
RU000A0JXN21;0;20190228;113519;98.100000000;6
RU000A0JXN21;0;20190228;114243;98.100000000;40
RU000A0JXN21;0;20190228;114325;98.100000000;2
RU000A0JXN21;0;20190228;121333;98.100000000;2
RU000A0JXN21;0;20190228;122237;98.060000000;10
RU000A0JXN21;0;20190228;122237;98.050000000;6485
RU000A0JXN21;0;20190228;122656;98.110000000;2
RU000A0JXN21;0;20190228;125232;98.110000000;25
RU000A0JXN21;0;20190228;125744;98.110000000;50
RU000A0JXN21;0;20190228;143211;98.110000000;4
RU000A0JXN21;0;20190228;143530;98.110000000;150
RU000A0JXN21;0;20190228;144143;98.110000000;59
RU000A0JXN21;0;20190228;151842;98.110000000;3
RU000A0JXN21;0;20190228;153716;98.110000000;2
RU000A0JXN21;0;20190228;153924;98.110000000;1
RU000A0JXN21;0;20190228;161457;98.110000000;1
RU000A0JXN21;0;20190228;162128;98.110000000;10
RU000A0JXN21;0;20190228;163031;98.110000000;22
RU000A0JXN21;0;20190228;172417;98.170000000;2
RU000A0JXN21;0;20190228;172539;98.170000000;21
RU000A0JXN21;0;20190228;173554;98.160000000;1
RU000A0JXN21;0;20190228;173702;98.160000000;1
RU000A0JXN21;0;20190228;173745;98.170000000;23
RU000A0JXN21;0;20190301;105852;98.200000000;10
RU000A0JXN21;0;20190301;123845;98.200000000;22
RU000A0JXN21;0;20190301;123845;98.200000000;224
RU000A0JXN21;0;20190301;131817;98.250000000;3
RU000A0JXN21;0;20190301;131921;98.290000000;7
RU000A0JXN21;0;20190301;133440;98.230000000;2
RU000A0JXN21;0;20190301;135609;98.220000000;1
RU000A0JXN21;0;20190301;152547;98.270000000;1
RU000A0JXN21;0;20190301;152547;98.280000000;6
RU000A0JXN21;0;20190301;152547;98.290000000;250
RU000A0JXN21;0;20190301;152547;98.300000000;3343
RU000A0JXN21;0;20190301;154442;98.240000000;59
RU000A0JXN21;0;20190301;154442;98.230000000;50
RU000A0JXN21;0;20190301;154442;98.210000000;3
RU000A0JXN21;0;20190301;154442;98.210000000;6681
RU000A0JXN21;0;20190301;155707;98.210000000;9
RU000A0JXN21;0;20190301;155707;98.200000000;132
RU000A0JXN21;0;20190301;155707;98.200000000;100
RU000A0JXN21;0;20190301;163407;98.200000000;94
RU000A0JXN21;0;20190301;165105;98.200000000;3
RU000A0JXN21;0;20190301;165643;98.200000000;3
RU000A0JXN21;0;20190301;173154;98.200000000;12
RU000A0JXN21;0;20190301;175801;98.200000000;50
RU000A0JXN21;0;20190301;181628;98.200000000;18
RU000A0JXN21;0;20190301;182911;98.200000000;10
RU000A0JXN21;0;20190301;183239;98.180000000;60
RU000A0JXN21;0;20190301;183607;98.200000000;3
RU000A0JXN21;0;20190304;101838;98.470000000;3
RU000A0JXN21;0;20190304;102704;98.210000000;2
RU000A0JXN21;0;20190304;103412;98.210000000;3
RU000A0JXN21;0;20190304;103600;98.210000000;10
RU000A0JXN21;0;20190304;104643;98.200000000;2
RU000A0JXN21;0;20190304;105122;98.210000000;30
RU000A0JXN21;0;20190304;105251;98.210000000;33
RU000A0JXN21;0;20190304;110457;98.210000000;2
RU000A0JXN21;0;20190304;110511;98.200000000;100
RU000A0JXN21;0;20190304;110905;98.210000000;100
RU000A0JXN21;0;20190304;112559;98.200000000;150
RU000A0JXN21;0;20190304;113130;98.200000000;150
RU000A0JXN21;0;20190304;115727;98.200000000;298
RU000A0JXN21;0;20190304;120841;98.200000000;10
RU000A0JXN21;0;20190304;130518;98.200000000;27
RU000A0JXN21;0;20190304;130726;98.200000000;100
RU000A0JXN21;0;20190304;131708;98.200000000;25
RU000A0JXN21;0;20190304;140357;98.200000000;16
RU000A0JXN21;0;20190304;141951;98.200000000;2
RU000A0JXN21;0;20190304;144441;98.150000000;4
RU000A0JXN21;0;20190304;150033;98.150000000;10
RU000A0JXN21;0;20190304;150123;98.150000000;10
RU000A0JXN21;0;20190304;152054;98.150000000;50
RU000A0JXN21;0;20190304;171341;98.200000000;935
RU000A0JXN21;0;20190304;175938;98.150000000;70
RU000A0JXN21;0;20190304;181258;98.200000000;13000
RU000A0JXN21;0;20190304;184026;98.200000000;10
RU000A0JXN21;0;20190304;184238;98.200000000;800
RU000A0JXN21;0;20190305;100309;98.060000000;2
RU000A0JXN21;0;20190305;100309;98.050000000;55
RU000A0JXN21;0;20190305;100734;98.050000000;2
RU000A0JXN21;0;20190305;101017;98.050000000;39
RU000A0JXN21;0;20190305;104506;98.290000000;2
RU000A0JXN21;0;20190305;112052;98.200000000;1000
RU000A0JXN21;0;20190305;120605;98.080000000;2
RU000A0JXN21;0;20190305;120605;98.070000000;21
RU000A0JXN21;0;20190305;120605;98.070000000;1
RU000A0JXN21;0;20190305;120605;98.060000000;20
RU000A0JXN21;0;20190305;120605;98.050000000;1
RU000A0JXN21;0;20190305;120605;98.030000000;10
RU000A0JXN21;0;20190305;120605;98.020000000;10
RU000A0JXN21;0;20190305;120605;98.010000000;2
RU000A0JXN21;0;20190305;120605;98.010000000;2
RU000A0JXN21;0;20190305;120605;98.010000000;1
RU000A0JXN21;0;20190305;120605;98.000000000;28
RU000A0JXN21;0;20190305;120605;98.000000000;2
RU000A0JXN21;0;20190305;123128;98.200000000;2
RU000A0JXN21;0;20190305;123210;98.200000000;1
RU000A0JXN21;0;20190305;125539;98.200000000;1
RU000A0JXN21;0;20190305;131529;98.200000000;10
RU000A0JXN21;0;20190305;135003;98.200000000;5
RU000A0JXN21;0;20190305;140752;98.200000000;1000
RU000A0JXN21;0;20190305;141027;98.150000000;119
RU000A0JXN21;0;20190305;151615;98.110000000;3
RU000A0JXN21;0;20190305;151657;98.110000000;5
RU000A0JXN21;0;20190305;154453;98.100000000;3
RU000A0JXN21;0;20190305;160439;98.100000000;3
RU000A0JXN21;0;20190305;160439;98.030000000;3
RU000A0JXN21;0;20190305;160456;98.030000000;44
RU000A0JXN21;0;20190305;163347;98.190000000;2
RU000A0JXN21;0;20190305;164418;98.190000000;1
RU000A0JXN21;0;20190305;164418;98.200000000;249
RU000A0JXN21;0;20190305;182855;98.200000000;500
RU000A0JXN21;0;20190305;183311;98.200000000;20
RU000A0JXN21;0;20190305;184457;98.200000000;2
RU000A0JXN21;0;20190306;101438;98.300000000;1
RU000A0JXN21;0;20190306;101957;98.200000000;30
RU000A0JXN21;0;20190306;102046;98.200000000;20
RU000A0JXN21;0;20190306;110526;98.200000000;400
RU000A0JXN21;0;20190306;111007;98.100000000;100
RU000A0JXN21;0;20190306;111436;98.100000000;12
RU000A0JXN21;0;20190306;113339;98.200000000;10
RU000A0JXN21;0;20190306;115219;98.200000000;10
RU000A0JXN21;0;20190306;120613;98.060000000;3
RU000A0JXN21;0;20190306;121044;98.050000000;5
RU000A0JXN21;0;20190306;121057;98.050000000;41
RU000A0JXN21;0;20190306;121357;98.190000000;3
RU000A0JXN21;0;20190306;121357;98.200000000;47
RU000A0JXN21;0;20190306;124127;98.100000000;500
RU000A0JXN21;0;20190306;124836;98.100000000;20
RU000A0JXN21;0;20190306;124836;98.100000000;88
RU000A0JXN21;0;20190306;125820;98.200000000;27
RU000A0JXN21;0;20190306;125820;98.200000000;198
RU000A0JXN21;0;20190306;130231;98.100000000;390
RU000A0JXN21;0;20190306;132636;98.110000000;3
RU000A0JXN21;0;20190306;132636;98.100000000;3
RU000A0JXN21;0;20190306;132636;98.100000000;200
RU000A0JXN21;0;20190306;134523;98.100000000;4
RU000A0JXN21;0;20190306;134523;98.200000000;96
RU000A0JXN21;0;20190306;160107;98.150000000;120
RU000A0JXN21;0;20190306;161423;98.100000000;393
RU000A0JXN21;0;20190306;164956;98.150000000;21
RU000A0JXN21;0;20190306;164956;98.190000000;75
RU000A0JXN21;0;20190306;164956;98.190000000;54
RU000A0JXN21;0;20190306;165125;98.180000000;3
RU000A0JXN21;0;20190306;165137;98.190000000;7
RU000A0JXN21;0;20190306;165222;98.100000000;3
RU000A0JXN21;0;20190306;165222;98.100000000;407
RU000A0JXN21;0;20190306;165729;98.180000000;3
RU000A0JXN21;0;20190306;172003;98.190000000;2
RU000A0JXN21;0;20190306;172004;98.190000000;1
RU000A0JXN21;0;20190306;172032;98.180000000;11
RU000A0JXN21;0;20190306;172121;98.200000000;50
RU000A0JXN21;0;20190306;173908;98.180000000;12
RU000A0JXN21;0;20190306;173908;98.100000000;10
RU000A0JXN21;0;20190306;173908;98.100000000;400
RU000A0JXN21;0;20190306;174442;98.130000000;100
RU000A0JXN21;0;20190306;183258;98.100000000;1
RU000A0JXN21;0;20190306;183258;98.100000000;10
RU000A0JXN21;0;20190306;183258;98.100000000;500
RU000A0JXN21;0;20190307;102012;98.070000000;3
RU000A0JXN21;0;20190307;102101;97.740000000;5
RU000A0JXN21;0;20190307;112416;98.190000000;11
RU000A0JXN21;0;20190307;112452;98.180000000;2
RU000A0JXN21;0;20190307;112452;98.180000000;1
RU000A0JXN21;0;20190307;112544;98.180000000;5
RU000A0JXN21;0;20190307;112651;98.180000000;39
RU000A0JXN21;0;20190307;112840;98.190000000;2
RU000A0JXN21;0;20190307;112840;98.180000000;48
RU000A0JXN21;0;20190307;113303;98.180000000;5
RU000A0JXN21;0;20190307;114020;98.210000000;2
RU000A0JXN21;0;20190307;114116;98.220000000;22
RU000A0JXN21;0;20190307;114219;98.240000000;1
RU000A0JXN21;0;20190307;114306;98.240000000;11
RU000A0JXN21;0;20190307;120416;98.240000000;5
RU000A0JXN21;0;20190307;122259;98.240000000;2
RU000A0JXN21;0;20190307;122408;98.250000000;3
RU000A0JXN21;0;20190307;123334;98.030000000;3
RU000A0JXN21;0;20190307;123334;98.020000000;97
RU000A0JXN21;0;20190307;135955;98.100000000;22
RU000A0JXN21;0;20190307;144337;98.190000000;3
RU000A0JXN21;0;20190307;144337;98.190000000;17
RU000A0JXN21;0;20190307;144555;98.200000000;8
RU000A0JXN21;0;20190307;145318;98.100000000;5
RU000A0JXN21;0;20190307;145318;98.030000000;1
RU000A0JXN21;0;20190307;145318;98.030000000;500
RU000A0JXN21;0;20190307;145318;98.020000000;383
RU000A0JXN21;0;20190307;145318;98.010000000;1
RU000A0JXN21;0;20190307;145334;98.010000000;3
RU000A0JXN21;0;20190307;145345;98.000000000;1
RU000A0JXN21;0;20190307;151644;98.190000000;3
RU000A0JXN21;0;20190307;151644;98.190000000;15
RU000A0JXN21;0;20190307;151644;98.200000000;55
RU000A0JXN21;0;20190307;154222;98.100000000;50
RU000A0JXN21;0;20190307;155211;98.190000000;1
RU000A0JXN21;0;20190307;155408;98.200000000;30
RU000A0JXN21;0;20190307;155450;98.190000000;79
RU000A0JXN21;0;20190307;172612;98.190000000;1
RU000A0JXN21;0;20190307;172612;98.190000000;1
RU000A0JXN21;0;20190307;172612;98.190000000;15
RU000A0JXN21;0;20190307;182114;98.010000000;3
RU000A0JXN21;0;20190307;182114;98.000000000;21
RU000A0JXN21;0;20190307;183647;98.180000000;3
RU000A0JXN21;0;20190307;183647;98.190000000;60
RU000A0JXN21;0;20190307;183647;98.200000000;5
RU000A0JXN21;0;20190307;183647;98.250000000;12
RU000A0JXN21;0;20190307;183855;98.260000000;1
RU000A0JXN21;0;20190307;183855;98.270000000;399
RU000A0JXN21;0;20190307;184457;98.260000000;30
RU000A0JXN21;0;20190307;184457;98.250000000;20
RU000A0JXN21;0;20190311;105050;97.950000000;30
RU000A0JXN21;0;20190311;105124;98.470000000;5
RU000A0JXN21;0;20190311;114806;98.180000000;35
RU000A0JXN21;0;20190311;114806;98.180000000;265
RU000A0JXN21;0;20190311;114850;98.190000000;1
RU000A0JXN21;0;20190311;114850;98.190000000;50
RU000A0JXN21;0;20190311;114850;98.190000000;49
RU000A0JXN21;0;20190311;114911;98.140000000;200
RU000A0JXN21;0;20190311;121845;98.140000000;3
RU000A0JXN21;0;20190311;142039;98.140000000;100
RU000A0JXN21;0;20190311;151404;98.100000000;1
RU000A0JXN21;0;20190311;152122;98.100000000;20
RU000A0JXN21;0;20190311;153853;98.140000000;1
RU000A0JXN21;0;20190311;164411;98.140000000;68
RU000A0JXN21;0;20190311;181520;98.140000000;100
RU000A0JXN21;0;20190311;181531;98.140000000;50
RU000A0JXN21;0;20190311;183540;98.100000000;23
RU000A0JXN21;0;20190312;100132;98.150000000;50
RU000A0JXN21;0;20190312;102138;98.150000000;1
RU000A0JXN21;0;20190312;104638;98.110000000;150
RU000A0JXN21;0;20190312;105138;98.120000000;50
RU000A0JXN21;0;20190312;105515;98.110000000;30
RU000A0JXN21;0;20190312;110020;98.130000000;5
RU000A0JXN21;0;20190312;114451;98.120000000;50
RU000A0JXN21;0;20190312;114451;98.150000000;64
RU000A0JXN21;0;20190312;115509;98.150000000;28
RU000A0JXN21;0;20190312;151552;98.110000000;30
RU000A0JXN21;0;20190312;151552;98.100000000;40
RU000A0JXN21;0;20190312;152702;98.100000000;60
RU000A0JXN21;0;20190313;101037;98.010000000;2
RU000A0JXN21;0;20190313;101037;98.010000000;12
RU000A0JXN21;0;20190313;101841;98.280000000;1
RU000A0JXN21;0;20190313;101841;98.280000000;12
RU000A0JXN21;0;20190313;101841;98.290000000;200
RU000A0JXN21;0;20190313;101841;98.300000000;87
RU000A0JXN21;0;20190313;102402;98.030000000;1
RU000A0JXN21;0;20190313;102536;98.030000000;21
RU000A0JXN21;0;20190313;102847;98.280000000;1
RU000A0JXN21;0;20190313;104112;98.280000000;1
RU000A0JXN21;0;20190313;113401;98.250000000;5
RU000A0JXN21;0;20190313;113401;98.250000000;20
RU000A0JXN21;0;20190313;134249;98.250000000;4
RU000A0JXN21;0;20190313;134249;98.250000000;33
RU000A0JXN21;0;20190313;134249;98.250000000;37
RU000A0JXN21;0;20190313;134425;98.250000000;1
RU000A0JXN21;0;20190313;143650;98.150000000;20
RU000A0JXN21;0;20190313;143650;98.100000000;14
RU000A0JXN21;0;20190313;163439;98.230000000;3
RU000A0JXN21;0;20190313;163439;98.240000000;3
RU000A0JXN21;0;20190313;163439;98.240000000;15
RU000A0JXN21;0;20190313;163439;98.250000000;50
RU000A0JXN21;0;20190313;163439;98.270000000;20
RU000A0JXN21;0;20190313;163439;98.270000000;9
RU000A0JXN21;0;20190313;163747;98.270000000;31
RU000A0JXN21;0;20190313;163747;98.280000000;6
RU000A0JXN21;0;20190313;163747;98.280000000;50
RU000A0JXN21;0;20190313;163747;98.280000000;20
RU000A0JXN21;0;20190313;163747;98.290000000;3
RU000A0JXN21;0;20190313;164522;98.290000000;100
RU000A0JXN21;0;20190313;164646;98.290000000;73
RU000A0JXN21;0;20190314;105224;98.240000000;10
RU000A0JXN21;0;20190314;105301;98.240000000;10
RU000A0JXN21;0;20190314;105343;98.240000000;10
RU000A0JXN21;0;20190314;105710;98.240000000;5
RU000A0JXN21;0;20190314;110030;98.240000000;1
RU000A0JXN21;0;20190314;111224;98.240000000;10
RU000A0JXN21;0;20190314;121607;98.200000000;3
RU000A0JXN21;0;20190314;121607;98.220000000;3
RU000A0JXN21;0;20190314;121607;98.230000000;18
RU000A0JXN21;0;20190314;121607;98.240000000;53
RU000A0JXN21;0;20190314;121607;98.250000000;412
RU000A0JXN21;0;20190314;121608;98.250000000;860
RU000A0JXN21;0;20190314;121610;98.250000000;117
RU000A0JXN21;0;20190314;121612;98.250000000;587
RU000A0JXN21;0;20190314;122007;98.010000000;2
RU000A0JXN21;0;20190314;123259;98.240000000;2
RU000A0JXN21;0;20190314;123259;98.250000000;98
RU000A0JXN21;0;20190314;142906;98.070000000;3
RU000A0JXN21;0;20190314;142906;98.060000000;30
RU000A0JXN21;0;20190314;142906;98.050000000;64
RU000A0JXN21;0;20190314;144133;98.240000000;1
RU000A0JXN21;0;20190314;151436;98.240000000;2
RU000A0JXN21;0;20190314;151436;98.250000000;487
RU000A0JXN21;0;20190314;151708;98.250000000;783
RU000A0JXN21;0;20190314;154151;98.250000000;31
RU000A0JXN21;0;20190314;164209;98.100000000;3
RU000A0JXN21;0;20190314;164209;98.030000000;50
RU000A0JXN21;0;20190314;164209;98.030000000;20
RU000A0JXN21;0;20190314;164209;98.010000000;1
RU000A0JXN21;0;20190314;164209;98.010000000;4
RU000A0JXN21;0;20190314;164209;98.000000000;10
RU000A0JXN21;0;20190314;164210;98.000000000;3
RU000A0JXN21;0;20190314;164439;98.000000000;49
RU000A0JXN21;0;20190314;164620;97.990000000;27
RU000A0JXN21;0;20190314;164750;98.000000000;13
RU000A0JXN21;0;20190314;170418;97.990000000;100
RU000A0JXN21;0;20190314;183615;98.190000000;3
RU000A0JXN21;0;20190314;183615;98.200000000;79
RU000A0JXN21;0;20190314;183615;98.200000000;33
RU000A0JXN21;0;20190315;114756;98.030000000;3
RU000A0JXN21;0;20190315;114756;98.020000000;170
RU000A0JXN21;0;20190315;115535;98.140000000;1
RU000A0JXN21;0;20190315;115535;98.150000000;13
RU000A0JXN21;0;20190315;143308;98.070000000;30
RU000A0JXN21;0;20190315;152051;98.020000000;18
RU000A0JXN21;0;20190315;152051;98.010000000;10
RU000A0JXN21;0;20190315;152051;98.000000000;12
RU000A0JXN21;0;20190315;152547;97.990000000;2
RU000A0JXN21;0;20190315;152547;98.000000000;98
RU000A0JXN21;0;20190315;161020;98.000000000;1000
RU000A0JXN21;0;20190315;162437;98.000000000;5
RU000A0JXN21;0;20190315;162804;98.000000000;1
RU000A0JXN21;0;20190315;162823;98.000000000;5
RU000A0JXN21;0;20190315;164425;98.000000000;6
RU000A0JXN21;0;20190315;165344;98.000000000;5
RU000A0JXN21;0;20190315;171008;98.000000000;5
RU000A0JXN21;0;20190315;172430;98.000000000;100
RU000A0JXN21;0;20190315;172608;98.000000000;1
RU000A0JXN21;0;20190315;172709;98.000000000;1
RU000A0JXN21;0;20190315;172730;98.000000000;1
RU000A0JXN21;0;20190315;172833;98.000000000;1
RU000A0JXN21;0;20190315;174313;98.000000000;100
RU000A0JXN21;0;20190315;175249;98.000000000;14
RU000A0JXN21;0;20190315;175920;98.000000000;10
RU000A0JXN21;0;20190315;180040;98.000000000;10
RU000A0JXN21;0;20190315;180639;98.000000000;1
RU000A0JXN21;0;20190315;182620;98.000000000;50
RU000A0JXN21;0;20190315;183836;98.000000000;20
RU000A0JXN21;0;20190318;104009;98.000000000;241
RU000A0JXN21;0;20190318;104341;98.200000000;6
RU000A0JXN21;0;20190318;111622;98.190000000;126
RU000A0JXN21;0;20190318;114434;98.190000000;20
RU000A0JXN21;0;20190318;121844;98.190000000;30
RU000A0JXN21;0;20190318;121844;98.190000000;30
RU000A0JXN21;0;20190318;122326;98.150000000;20
RU000A0JXN21;0;20190318;163949;98.100000000;16
RU000A0JXN21;0;20190318;165108;98.100000000;53
RU000A0JXN21;0;20190318;165307;98.100000000;431
RU000A0JXN21;0;20190318;170834;98.150000000;17
RU000A0JXN21;0;20190318;182254;98.100000000;69
RU000A0JXN21;0;20190318;182254;98.100000000;12
RU000A0JXN21;0;20190319;122907;98.020000000;3
RU000A0JXN21;0;20190319;122907;98.010000000;1
RU000A0JXN21;0;20190319;123107;98.100000000;28
RU000A0JXN21;0;20190319;130723;98.090000000;15
RU000A0JXN21;0;20190319;135343;98.090000000;55
RU000A0JXN21;0;20190319;152541;98.090000000;80
RU000A0JXN21;0;20190319;152541;98.100000000;1398
RU000A0JXN21;0;20190319;162113;98.100000000;76
RU000A0JXN21;0;20190319;162414;98.100000000;200
RU000A0JXN21;0;20190320;124214;98.090000000;1
RU000A0JXN21;0;20190320;134733;98.030000000;7
RU000A0JXN21;0;20190320;135130;98.090000000;49
RU000A0JXN21;0;20190320;135130;98.090000000;28
RU000A0JXN21;0;20190320;135156;98.090000000;6
RU000A0JXN21;0;20190320;135219;98.090000000;2
RU000A0JXN21;0;20190320;140005;98.100000000;1
RU000A0JXN21;0;20190320;140101;98.090000000;7
RU000A0JXN21;0;20190320;153332;98.100000000;40
RU000A0JXN21;0;20190320;154825;98.100000000;250
RU000A0JXN21;0;20190320;155104;98.090000000;6
RU000A0JXN21;0;20190320;161949;98.100000000;60
RU000A0JXN21;0;20190320;170350;98.100000000;1
RU000A0JXN21;0;20190320;174031;98.030000000;2
RU000A0JXN21;0;20190320;174707;98.100000000;1
RU000A0JXN21;0;20190320;175355;98.030000000;81
RU000A0JXN21;0;20190320;175355;98.030000000;9
RU000A0JXN21;0;20190320;175402;98.020000000;204
RU000A0JXN21;0;20190320;175411;98.010000000;2
RU000A0JXN21;0;20190320;175411;98.010000000;15
RU000A0JXN21;0;20190320;175411;98.010000000;1
RU000A0JXN21;0;20190320;175411;98.010000000;30
RU000A0JXN21;0;20190320;182208;98.000000000;87
RU000A0JXN21;0;20190320;182809;98.000000000;100
RU000A0JXN21;0;20190320;184014;98.100000000;190
RU000A0JXN21;0;20190320;184453;98.100000000;150
RU000A0JXN21;0;20190321;102035;98.090000000;50
RU000A0JXN21;0;20190321;104939;98.090000000;100
RU000A0JXN21;0;20190321;111002;98.080000000;1
RU000A0JXN21;0;20190321;131947;98.070000000;2
RU000A0JXN21;0;20190321;140952;98.010000000;9
RU000A0JXN21;0;20190321;140952;98.010000000;1
RU000A0JXN21;0;20190321;140952;98.010000000;1
RU000A0JXN21;0;20190321;140952;98.010000000;20
RU000A0JXN21;0;20190321;141247;98.000000000;700
RU000A0JXN21;0;20190321;141300;98.000000000;264
RU000A0JXN21;0;20190321;141324;98.000000000;100
RU000A0JXN21;0;20190321;141354;98.000000000;145
RU000A0JXN21;0;20190321;143600;98.040000000;1
RU000A0JXN21;0;20190321;153316;98.040000000;56
RU000A0JXN21;0;20190321;160339;98.080000000;12
RU000A0JXN21;0;20190321;160339;98.080000000;88
RU000A0JXN21;0;20190321;162908;98.080000000;9
RU000A0JXN21;0;20190321;165605;98.080000000;3
RU000A0JXN21;0;20190321;165840;98.100000000;1
RU000A0JXN21;0;20190321;165840;98.100000000;1
RU000A0JXN21;0;20190321;165840;98.100000000;1
RU000A0JXN21;0;20190321;165840;98.100000000;6
RU000A0JXN21;0;20190321;165840;98.100000000;1
RU000A0JXN21;0;20190321;165840;98.100000000;1
RU000A0JXN21;0;20190321;165840;98.100000000;1
RU000A0JXN21;0;20190321;165840;98.100000000;2
RU000A0JXN21;0;20190321;165840;98.100000000;55
RU000A0JXN21;0;20190321;165840;98.100000000;1
RU000A0JXN21;0;20190321;165840;98.100000000;6
RU000A0JXN21;0;20190321;165840;98.100000000;1
RU000A0JXN21;0;20190321;165840;98.100000000;1
RU000A0JXN21;0;20190321;165840;98.100000000;1
RU000A0JXN21;0;20190321;165840;98.100000000;2
RU000A0JXN21;0;20190321;165840;98.100000000;19
RU000A0JXN21;0;20190321;165840;98.190000000;36
RU000A0JXN21;0;20190321;165840;98.190000000;6
RU000A0JXN21;0;20190321;165840;98.190000000;1
RU000A0JXN21;0;20190321;165840;98.190000000;1
RU000A0JXN21;0;20190321;165840;98.190000000;1
RU000A0JXN21;0;20190321;165840;98.190000000;55
RU000A0JXN21;0;20190321;165840;98.190000000;6
RU000A0JXN21;0;20190321;165840;98.190000000;1
RU000A0JXN21;0;20190321;165840;98.190000000;54
RU000A0JXN21;0;20190321;165840;98.190000000;5
RU000A0JXN21;0;20190321;165840;98.190000000;1
RU000A0JXN21;0;20190321;165840;98.190000000;54
RU000A0JXN21;0;20190322;100849;98.170000000;3
RU000A0JXN21;0;20190322;100912;98.200000000;15
RU000A0JXN21;0;20190322;111013;98.020000000;182
RU000A0JXN21;0;20190322;111819;98.170000000;1
RU000A0JXN21;0;20190322;130124;98.090000000;14
RU000A0JXN21;0;20190322;131314;98.100000000;4
RU000A0JXN21;0;20190322;133807;98.090000000;70
RU000A0JXN21;0;20190322;134619;98.100000000;200
RU000A0JXN21;0;20190322;142431;98.100000000;250
RU000A0JXN21;0;20190322;142501;98.100000000;40
RU000A0JXN21;0;20190322;145144;98.090000000;16
RU000A0JXN21;0;20190322;145545;98.100000000;1
RU000A0JXN21;0;20190322;161249;98.090000000;74
RU000A0JXN21;0;20190322;161347;98.100000000;5
RU000A0JXN21;0;20190322;161347;98.100000000;1
RU000A0JXN21;0;20190322;171315;98.090000000;4
RU000A0JXN21;0;20190322;174010;98.100000000;1
RU000A0JXN21;0;20190322;175832;98.100000000;5
RU000A0JXN21;0;20190322;181223;98.150000000;90
RU000A0JXN21;0;20190322;181256;98.150000000;58
RU000A0JXN21;0;20190322;183324;98.090000000;95
RU000A0JXN21;0;20190322;184153;98.040000000;10
RU000A0JXN21;0;20190322;184153;98.030000000;57
RU000A0JXN21;0;20190325;111043;98.150000000;5
RU000A0JXN21;0;20190325;121102;98.150000000;3000
RU000A0JXN21;0;20190325;123750;98.150000000;8
RU000A0JXN21;0;20190325;131622;98.150000000;2
RU000A0JXN21;0;20190325;134354;98.150000000;52
RU000A0JXN21;0;20190325;142546;98.150000000;50
RU000A0JXN21;0;20190325;165318;98.150000000;3903
RU000A0JXN21;0;20190325;175618;98.150000000;162
RU000A0JXN21;0;20190326;103603;98.190000000;2
RU000A0JXN21;0;20190326;105833;98.190000000;3
RU000A0JXN21;0;20190326;111443;98.190000000;15
RU000A0JXN21;0;20190326;112417;98.190000000;25
RU000A0JXN21;0;20190326;125037;98.150000000;5
RU000A0JXN21;0;20190326;132624;98.190000000;43
RU000A0JXN21;0;20190326;132624;98.190000000;100
RU000A0JXN21;0;20190326;132624;98.190000000;195
RU000A0JXN21;0;20190326;141356;98.190000000;69
RU000A0JXN21;0;20190326;141356;98.190000000;351
RU000A0JXN21;0;20190326;142832;98.190000000;4
RU000A0JXN21;0;20190326;153945;98.150000000;218
RU000A0JXN21;0;20190326;153945;98.150000000;2
RU000A0JXN21;0;20190326;155901;98.190000000;1
RU000A0JXN21;0;20190326;173643;98.190000000;2
RU000A0JXN21;0;20190326;174931;98.190000000;42
RU000A0JXN21;0;20190326;174931;98.190000000;8
RU000A0JXN21;0;20190327;100408;98.200000000;5
RU000A0JXN21;0;20190327;100557;98.200000000;10
RU000A0JXN21;0;20190327;102213;98.200000000;63
RU000A0JXN21;0;20190327;102213;98.200000000;545
RU000A0JXN21;0;20190327;103142;98.020000000;2
RU000A0JXN21;0;20190327;103444;98.020000000;1
RU000A0JXN21;0;20190327;111318;98.190000000;2
RU000A0JXN21;0;20190327;111318;98.200000000;8
RU000A0JXN21;0;20190327;112440;98.150000000;5
RU000A0JXN21;0;20190327;112457;98.150000000;5
RU000A0JXN21;0;20190327;122009;98.150000000;24
RU000A0JXN21;0;20190327;144428;98.150000000;10
RU000A0JXN21;0;20190327;163415;98.150000000;1
RU000A0JXN21;0;20190327;163557;98.150000000;1
RU000A0JXN21;0;20190327;164207;98.150000000;2
RU000A0JXN21;0;20190327;181823;98.140000000;10
RU000A0JXN21;0;20190327;181823;98.140000000;1
RU000A0JXN21;0;20190328;115434;98.100000000;1
RU000A0JXN21;0;20190328;124522;98.410000000;1
RU000A0JXN21;0;20190328;171002;98.350000000;12
RU000A0JXN21;0;20190328;171002;98.360000000;30
RU000A0JXN21;0;20190328;171002;98.370000000;100
RU000A0JXN21;0;20190328;171002;98.380000000;750
RU000A0JXN21;0;20190328;171002;98.400000000;250
RU000A0JXN21;0;20190328;171002;98.660000000;65
RU000A0JXN21;0;20190328;171002;98.670000000;3
RU000A0JXN21;0;20190328;171002;98.690000000;50
RU000A0JXN21;0;20190328;171002;98.690000000;190
RU000A0JXN21;0;20190328;171002;98.690000000;1000
RU000A0JXN21;0;20190328;171002;98.700000000;6772
RU000A0JXN21;0;20190329;103221;98.180000000;1
RU000A0JXN21;0;20190329;103221;98.180000000;1
RU000A0JXN21;0;20190329;103221;98.180000000;30
RU000A0JXN21;0;20190329;111342;98.460000000;1
RU000A0JXN21;0;20190329;111343;98.470000000;2
RU000A0JXN21;0;20190329;112042;98.470000000;1
RU000A0JXN21;0;20190329;112630;98.470000000;4
RU000A0JXN21;0;20190329;113512;98.470000000;10
RU000A0JXN21;0;20190329;113611;98.470000000;13
RU000A0JXN21;0;20190329;114225;98.480000000;5
RU000A0JXN21;0;20190329;114231;98.500000000;1
RU000A0JXN21;0;20190329;114237;98.500000000;2
RU000A0JXN21;0;20190329;114356;98.500000000;1
RU000A0JXN21;0;20190329;114416;98.500000000;15
RU000A0JXN21;0;20190329;114516;98.500000000;20
RU000A0JXN21;0;20190329;114617;98.500000000;16
RU000A0JXN21;0;20190329;115735;98.490000000;1
RU000A0JXN21;0;20190329;124037;98.490000000;4
RU000A0JXN21;0;20190329;125824;98.500000000;15
RU000A0JXN21;0;20190329;130028;98.500000000;91
RU000A0JXN21;0;20190329;130122;98.500000000;94
RU000A0JXN21;0;20190329;131015;98.550000000;6
RU000A0JXN21;0;20190329;131015;98.550000000;14
RU000A0JXN21;0;20190329;133235;98.380000000;3
RU000A0JXN21;0;20190329;133257;98.370000000;21
RU000A0JXN21;0;20190329;134214;98.540000000;1
RU000A0JXN21;0;20190329;134405;98.540000000;2
RU000A0JXN21;0;20190329;135507;98.380000000;1
RU000A0JXN21;0;20190329;135507;98.370000000;79
RU000A0JXN21;0;20190329;135507;98.320000000;1
RU000A0JXN21;0;20190329;135507;98.320000000;30
RU000A0JXN21;0;20190329;135507;98.300000000;70
RU000A0JXN21;0;20190329;135507;98.300000000;15
RU000A0JXN21;0;20190329;135845;98.290000000;1
RU000A0JXN21;0;20190329;140501;98.300000000;20
RU000A0JXN21;0;20190329;140601;98.300000000;20
RU000A0JXN21;0;20190329;142701;98.290000000;1
RU000A0JXN21;0;20190329;142732;98.290000000;1
RU000A0JXN21;0;20190329;150111;98.300000000;20
RU000A0JXN21;0;20190329;153754;98.300000000;67
RU000A0JXN21;0;20190329;154512;98.300000000;3
RU000A0JXN21;0;20190329;161100;98.300000000;70
RU000A0JXN21;0;20190329;162608;98.300000000;15
RU000A0JXN21;0;20190329;175845;98.300000000;10
RU000A0JXN21;0;20190329;180655;98.300000000;1
RU000A0JXN21;0;20190329;182352;98.300000000;151
RU000A0JXN21;0;20190329;183100;98.300000000;67
RU000A0JXN21;0;20190329;183159;98.300000000;1
RU000A0JXN21;0;20190401;101842;98.600000000;14
RU000A0JXN21;0;20190401;102535;98.600000000;10
RU000A0JXN21;0;20190401;104405;98.130000000;3
RU000A0JXN21;0;20190401;104405;98.130000000;9
RU000A0JXN21;0;20190401;111647;98.550000000;2
RU000A0JXN21;0;20190401;123343;98.550000000;1
RU000A0JXN21;0;20190401;123343;98.550000000;15
RU000A0JXN21;0;20190401;123732;98.570000000;10
RU000A0JXN21;0;20190401;151426;98.370000000;3
RU000A0JXN21;0;20190401;151626;98.360000000;3
RU000A0JXN21;0;20190401;151707;98.350000000;25
RU000A0JXN21;0;20190401;151707;98.350000000;9
RU000A0JXN21;0;20190401;152002;98.570000000;3
RU000A0JXN21;0;20190401;152549;98.570000000;97
RU000A0JXN21;0;20190401;152740;98.580000000;50
RU000A0JXN21;0;20190401;152818;98.580000000;4
RU000A0JXN21;0;20190402;101750;98.590000000;10
RU000A0JXN21;0;20190402;102716;98.500000000;10
RU000A0JXN21;0;20190402;102828;98.500000000;50
RU000A0JXN21;0;20190402;114806;98.540000000;2
RU000A0JXN21;0;20190402;115611;98.540000000;3
RU000A0JXN21;0;20190402;115624;98.540000000;4
RU000A0JXN21;0;20190402;115624;98.500000000;32
RU000A0JXN21;0;20190402;123910;98.500000000;8
RU000A0JXN21;0;20190402;135047;98.490000000;20
RU000A0JXN21;0;20190402;135141;98.490000000;20
RU000A0JXN21;0;20190402;135639;98.490000000;160
RU000A0JXN21;0;20190402;135639;98.490000000;20
RU000A0JXN21;0;20190402;135639;98.500000000;70
RU000A0JXN21;0;20190402;142511;98.490000000;25
RU000A0JXN21;0;20190402;143923;98.490000000;1
RU000A0JXN21;0;20190402;143949;98.490000000;1
RU000A0JXN21;0;20190402;161539;98.470000000;10
RU000A0JXN21;0;20190402;162157;98.460000000;25
RU000A0JXN21;0;20190402;163237;98.460000000;1
RU000A0JXN21;0;20190402;165139;98.460000000;10
RU000A0JXN21;0;20190402;165212;98.460000000;10
RU000A0JXN21;0;20190402;170422;98.460000000;63
RU000A0JXN21;0;20190402;172552;98.470000000;20
RU000A0JXN21;0;20190402;172650;98.470000000;20
RU000A0JXN21;0;20190402;180233;98.470000000;100
RU000A0JXN21;0;20190402;181607;98.470000000;10
RU000A0JXN21;0;20190402;182023;98.470000000;20
RU000A0JXN21;0;20190402;182247;98.470000000;10
RU000A0JXN21;0;20190402;183122;98.470000000;20
RU000A0JXN21;0;20190402;183857;98.470000000;15
RU000A0JXN21;0;20190402;184000;98.430000000;10
RU000A0JXN21;0;20190402;184000;98.400000000;50
RU000A0JXN21;0;20190402;184053;98.470000000;30
RU000A0JXN21;0;20190402;184119;98.390000000;3
RU000A0JXN21;0;20190402;184119;98.390000000;17
RU000A0JXN21;0;20190402;184233;98.470000000;30
RU000A0JXN21;0;20190402;184335;98.470000000;5
RU000A0JXN21;0;20190403;101122;98.640000000;1
RU000A0JXN21;0;20190403;101301;98.640000000;19
RU000A0JXN21;0;20190403;101753;98.680000000;3
RU000A0JXN21;0;20190403;122331;98.600000000;150
RU000A0JXN21;0;20190403;122331;98.600000000;38
RU000A0JXN21;0;20190403;122341;98.600000000;28
RU000A0JXN21;0;20190403;122746;98.640000000;33
RU000A0JXN21;0;20190403;122815;98.640000000;19
RU000A0JXN21;0;20190403;122815;98.640000000;31
RU000A0JXN21;0;20190403;123019;98.640000000;9
RU000A0JXN21;0;20190403;123019;98.650000000;27
RU000A0JXN21;0;20190403;123019;98.650000000;10
RU000A0JXN21;0;20190403;125831;98.660000000;15
RU000A0JXN21;0;20190403;130737;98.660000000;50
RU000A0JXN21;0;20190403;131441;98.660000000;15
RU000A0JXN21;0;20190403;133301;98.610000000;34
RU000A0JXN21;0;20190403;133301;98.610000000;34
RU000A0JXN21;0;20190403;133301;98.600000000;354
RU000A0JXN21;0;20190403;133506;98.610000000;31
RU000A0JXN21;0;20190403;133506;98.600000000;719
RU000A0JXN21;0;20190403;140413;98.600000000;32
RU000A0JXN21;0;20190403;140413;98.600000000;4
RU000A0JXN21;0;20190403;154457;98.600000000;170
RU000A0JXN21;0;20190403;155413;98.600000000;45
RU000A0JXN21;0;20190403;155452;98.600000000;55
RU000A0JXN21;0;20190403;155908;98.600000000;29
RU000A0JXN21;0;20190403;163627;98.600000000;1
RU000A0JXN21;0;20190403;163627;98.600000000;69
RU000A0JXN21;0;20190403;173416;98.630000000;4
RU000A0JXN21;0;20190403;181735;98.630000000;26
RU000A0JXN21;0;20190403;181751;98.640000000;150
RU000A0JXN21;0;20190403;181811;98.650000000;10
RU000A0JXN21;0;20190403;181842;98.660000000;100
RU000A0JXN21;0;20190403;182008;98.660000000;203
RU000A0JXN21;0;20190403;182008;98.660000000;12
RU000A0JXN21;0;20190403;182244;98.690000000;20
RU000A0JXN21;0;20190403;184018;98.500000000;10
RU000A0JXN21;0;20190404;130314;98.650000000;1
RU000A0JXN21;0;20190404;130638;98.650000000;1
RU000A0JXN21;0;20190404;130746;98.690000000;4
RU000A0JXN21;0;20190404;131153;98.690000000;43
RU000A0JXN21;0;20190404;131209;98.650000000;4
RU000A0JXN21;0;20190404;135619;98.650000000;1
RU000A0JXN21;0;20190404;140500;98.690000000;20
RU000A0JXN21;0;20190404;143240;98.690000000;5
RU000A0JXN21;0;20190404;153346;98.430000000;2
RU000A0JXN21;0;20190404;160713;98.670000000;1
RU000A0JXN21;0;20190404;163058;98.670000000;1
RU000A0JXN21;0;20190404;171037;98.480000000;2
RU000A0JXN21;0;20190404;171037;98.470000000;120
RU000A0JXN21;0;20190404;171127;98.460000000;1
RU000A0JXN21;0;20190404;171127;98.460000000;99
RU000A0JXN21;0;20190404;171715;98.670000000;1
RU000A0JXN21;0;20190404;182943;98.670000000;2
RU000A0JXN21;0;20190404;182943;98.680000000;100
RU000A0JXN21;0;20190404;182943;98.680000000;5
RU000A0JXN21;0;20190404;182943;98.690000000;269
RU000A0JXN21;0;20190404;182943;98.700000000;15
RU000A0JXN21;0;20190404;182943;98.700000000;2759
RU000A0JXN21;0;20190404;184244;98.650000000;100
RU000A0JXN21;0;20190404;184318;98.650000000;100
RU000A0JXN21;0;20190404;184337;98.650000000;100
RU000A0JXN21;0;20190404;184409;98.650000000;70
RU000A0JXN21;0;20190405;102941;98.610000000;1
RU000A0JXN21;0;20190405;103611;98.610000000;2
RU000A0JXN21;0;20190405;105050;98.470000000;3
RU000A0JXN21;0;20190405;112455;98.590000000;3
RU000A0JXN21;0;20190405;112455;98.590000000;100
RU000A0JXN21;0;20190405;112545;98.590000000;100
RU000A0JXN21;0;20190405;114032;98.540000000;200
RU000A0JXN21;0;20190405;120504;98.500000000;58
RU000A0JXN21;0;20190405;121617;98.460000000;15
RU000A0JXN21;0;20190405;121617;98.430000000;10
RU000A0JXN21;0;20190405;122045;98.350000000;1
RU000A0JXN21;0;20190405;122049;98.350000000;2
RU000A0JXN21;0;20190405;122235;98.350000000;22
RU000A0JXN21;0;20190405;122248;98.450000000;162
RU000A0JXN21;0;20190405;123316;98.500000000;6
RU000A0JXN21;0;20190405;123615;98.500000000;534
RU000A0JXN21;0;20190405;123615;98.500000000;100
RU000A0JXN21;0;20190405;123719;98.580000000;100
RU000A0JXN21;0;20190405;123825;98.580000000;49
RU000A0JXN21;0;20190405;130300;98.440000000;3
RU000A0JXN21;0;20190405;130410;98.430000000;10
RU000A0JXN21;0;20190405;130436;98.400000000;17
RU000A0JXN21;0;20190405;132705;98.510000000;150
RU000A0JXN21;0;20190405;141232;98.510000000;150
RU000A0JXN21;0;20190405;141232;98.510000000;7
RU000A0JXN21;0;20190405;143123;98.560000000;2
RU000A0JXN21;0;20190405;144716;98.560000000;1
RU000A0JXN21;0;20190405;144803;98.570000000;5
RU000A0JXN21;0;20190405;144908;98.570000000;4
RU000A0JXN21;0;20190405;145028;98.570000000;3
RU000A0JXN21;0;20190405;150141;98.560000000;3
RU000A0JXN21;0;20190405;150228;98.560000000;4
RU000A0JXN21;0;20190405;153705;98.540000000;5
RU000A0JXN21;0;20190405;154841;98.540000000;13
RU000A0JXN21;0;20190405;161346;98.540000000;53
RU000A0JXN21;0;20190405;161918;98.440000000;3
RU000A0JXN21;0;20190405;161918;98.430000000;10
RU000A0JXN21;0;20190405;161918;98.410000000;1
RU000A0JXN21;0;20190405;161918;98.410000000;30
RU000A0JXN21;0;20190405;161918;98.400000000;256
RU000A0JXN21;0;20190405;172128;98.500000000;3
RU000A0JXN21;0;20190405;172128;98.510000000;10
RU000A0JXN21;0;20190405;172128;98.510000000;10
RU000A0JXN21;0;20190405;172128;98.530000000;20
RU000A0JXN21;0;20190405;172128;98.540000000;244
RU000A0JXN21;0;20190405;172128;98.560000000;18
RU000A0JXN21;0;20190405;174648;98.500000000;23
RU000A0JXN21;0;20190405;175157;98.500000000;1
RU000A0JXN21;0;20190405;175302;98.500000000;26
RU000A0JXN21;0;20190405;180124;98.500000000;41
RU000A0JXN21;0;20190405;180201;98.500000000;33
RU000A0JXN21;0;20190408;102845;98.610000000;30
RU000A0JXN21;0;20190408;102845;98.610000000;70
RU000A0JXN21;0;20190408;103818;98.520000000;1
RU000A0JXN21;0;20190408;104153;98.610000000;1
RU000A0JXN21;0;20190408;105308;98.610000000;1
RU000A0JXN21;0;20190408;105502;98.630000000;4
RU000A0JXN21;0;20190408;105736;98.630000000;25
RU000A0JXN21;0;20190408;111240;98.610000000;1
RU000A0JXN21;0;20190408;111945;98.620000000;4
RU000A0JXN21;0;20190408;112230;98.620000000;25
RU000A0JXN21;0;20190408;112634;98.530000000;19
RU000A0JXN21;0;20190408;112634;98.520000000;8
RU000A0JXN21;0;20190408;112634;98.520000000;200
RU000A0JXN21;0;20190408;114356;98.520000000;1
RU000A0JXN21;0;20190408;120744;98.520000000;72
RU000A0JXN21;0;20190408;124418;98.500000000;1
RU000A0JXN21;0;20190408;152810;98.450000000;2
RU000A0JXN21;0;20190408;153415;98.400000000;4
RU000A0JXN21;0;20190408;153458;98.380000000;30
RU000A0JXN21;0;20190408;153458;98.380000000;1
RU000A0JXN21;0;20190408;153645;98.380000000;100
RU000A0JXN21;0;20190408;162606;98.400000000;50
RU000A0JXN21;0;20190408;162606;98.400000000;25
RU000A0JXN21;0;20190408;162827;98.450000000;18
RU000A0JXN21;0;20190408;162827;98.450000000;30
RU000A0JXN21;0;20190408;182325;98.490000000;29
RU000A0JXN21;0;20190408;182917;98.450000000;50
RU000A0JXN21;0;20190409;102821;98.360000000;1
RU000A0JXN21;0;20190409;102821;98.360000000;2
RU000A0JXN21;0;20190409;103117;98.360000000;1
RU000A0JXN21;0;20190409;103718;98.360000000;16
RU000A0JXN21;0;20190409;103958;98.520000000;3
RU000A0JXN21;0;20190409;103958;98.530000000;12
RU000A0JXN21;0;20190409;105703;98.420000000;2
RU000A0JXN21;0;20190409;105749;98.410000000;500
RU000A0JXN21;0;20190409;111444;98.410000000;1
RU000A0JXN21;0;20190409;111728;98.400000000;50
RU000A0JXN21;0;20190409;111958;98.400000000;70
RU000A0JXN21;0;20190409;112110;98.400000000;28
RU000A0JXN21;0;20190409;112326;98.400000000;185
RU000A0JXN21;0;20190409;114121;98.360000000;1
RU000A0JXN21;0;20190409;114204;98.350000000;48
RU000A0JXN21;0;20190409;120315;98.360000000;1
RU000A0JXN21;0;20190409;120851;98.360000000;6
RU000A0JXN21;0;20190409;121717;98.360000000;20
RU000A0JXN21;0;20190409;121858;98.390000000;2
RU000A0JXN21;0;20190409;121858;98.400000000;6
RU000A0JXN21;0;20190409;121858;98.410000000;12
RU000A0JXN21;0;20190409;123433;98.340000000;4
RU000A0JXN21;0;20190409;123537;98.410000000;20
RU000A0JXN21;0;20190409;125738;98.410000000;16
RU000A0JXN21;0;20190409;125738;98.410000000;4
RU000A0JXN21;0;20190409;125917;98.310000000;2
RU000A0JXN21;0;20190409;125917;98.300000000;8
RU000A0JXN21;0;20190409;130350;98.300000000;3
RU000A0JXN21;0;20190409;130507;98.400000000;2
RU000A0JXN21;0;20190409;134156;98.400000000;1
RU000A0JXN21;0;20190409;134238;98.410000000;26
RU000A0JXN21;0;20190409;134238;98.410000000;26
RU000A0JXN21;0;20190409;142135;98.310000000;5
RU000A0JXN21;0;20190409;143602;98.330000000;50
RU000A0JXN21;0;20190409;143602;98.340000000;10100
RU000A0JXN21;0;20190409;144012;98.340000000;50
RU000A0JXN21;0;20190409;144018;98.440000000;20
RU000A0JXN21;0;20190409;144532;98.320000000;2
RU000A0JXN21;0;20190409;145314;98.440000000;2
RU000A0JXN21;0;20190409;145407;98.450000000;28
RU000A0JXN21;0;20190409;151200;98.450000000;32
RU000A0JXN21;0;20190409;155602;98.450000000;60
RU000A0JXN21;0;20190409;160014;98.400000000;49
RU000A0JXN21;0;20190409;163248;98.450000000;5
RU000A0JXN21;0;20190409;163521;98.360000000;1
RU000A0JXN21;0;20190409;172940;98.400000000;2
RU000A0JXN21;0;20190409;173204;98.400000000;2
RU000A0JXN21;0;20190409;174459;98.450000000;1
RU000A0JXN21;0;20190409;180628;98.360000000;18
RU000A0JXN21;0;20190409;181849;98.450000000;5
RU000A0JXN21;0;20190409;182005;98.450000000;11
RU000A0JXN21;0;20190409;182537;98.450000000;5
RU000A0JXN21;0;20190409;183319;98.450000000;11
RU000A0JXN21;0;20190409;183345;98.450000000;1
RU000A0JXN21;0;20190409;183643;98.410000000;6
RU000A0JXN21;0;20190410;113043;98.040000000;2
RU000A0JXN21;0;20190410;114921;98.410000000;1
RU000A0JXN21;0;20190410;114921;98.410000000;4
RU000A0JXN21;0;20190410;120223;98.400000000;1
RU000A0JXN21;0;20190410;120223;98.410000000;2
RU000A0JXN21;0;20190410;120248;98.410000000;109
RU000A0JXN21;0;20190410;122917;98.110000000;3
RU000A0JXN21;0;20190410;122917;98.100000000;144
RU000A0JXN21;0;20190410;124231;98.390000000;3
RU000A0JXN21;0;20190410;124231;98.400000000;7
RU000A0JXN21;0;20190410;132228;98.120000000;1
RU000A0JXN21;0;20190410;132315;98.120000000;1
RU000A0JXN21;0;20190410;132316;98.120000000;1
RU000A0JXN21;0;20190410;132317;98.110000000;1
RU000A0JXN21;0;20190410;141145;98.290000000;3
RU000A0JXN21;0;20190410;141345;98.300000000;3
RU000A0JXN21;0;20190410;150609;98.400000000;3
RU000A0JXN21;0;20190410;151919;98.400000000;90
RU000A0JXN21;0;20190410;151919;98.400000000;62
RU000A0JXN21;0;20190410;174528;98.410000000;37
RU000A0JXN21;0;20190410;174928;98.400000000;50
RU000A0JXN21;0;20190410;180926;98.400000000;10
RU000A0JXN21;0;20190410;180941;98.400000000;10
RU000A0JXN21;0;20190410;181157;98.400000000;50
RU000A0JXN21;0;20190410;181217;98.400000000;30
RU000A0JXN21;0;20190410;181526;98.400000000;100
RU000A0JXN21;0;20190410;181611;98.400000000;1
RU000A0JXN21;0;20190410;182908;98.400000000;1
RU000A0JXN21;0;20190410;184006;98.410000000;27
RU000A0JXN21;0;20190411;103416;98.300000000;253
RU000A0JXN21;0;20190411;103824;98.300000000;94
RU000A0JXN21;0;20190411;110645;98.110000000;3
RU000A0JXN21;0;20190411;111044;98.110000000;2
RU000A0JXN21;0;20190411;112619;98.290000000;3
RU000A0JXN21;0;20190411;112619;98.290000000;2
RU000A0JXN21;0;20190411;112619;98.300000000;60
RU000A0JXN21;0;20190411;112901;98.300000000;2
RU000A0JXN21;0;20190411;114543;98.290000000;10
RU000A0JXN21;0;20190411;120544;98.250000000;50
RU000A0JXN21;0;20190411;120551;98.290000000;2
RU000A0JXN21;0;20190411;120552;98.290000000;1
RU000A0JXN21;0;20190411;123415;98.250000000;50
RU000A0JXN21;0;20190411;123415;98.290000000;1
RU000A0JXN21;0;20190411;123415;98.300000000;39
RU000A0JXN21;0;20190411;130426;98.250000000;50
RU000A0JXN21;0;20190411;131302;98.250000000;50
RU000A0JXN21;0;20190411;132937;98.250000000;2
RU000A0JXN21;0;20190411;142114;98.250000000;48
RU000A0JXN21;0;20190411;144343;98.250000000;10
RU000A0JXN21;0;20190411;144432;98.250000000;10
RU000A0JXN21;0;20190411;144758;98.250000000;10
RU000A0JXN21;0;20190411;145838;98.250000000;20
RU000A0JXN21;0;20190411;150857;98.220000000;10
RU000A0JXN21;0;20190411;151000;98.210000000;50
RU000A0JXN21;0;20190411;151817;98.130000000;3
RU000A0JXN21;0;20190411;152028;98.120000000;37
RU000A0JXN21;0;20190411;155407;98.130000000;1
RU000A0JXN21;0;20190411;155407;98.130000000;2
RU000A0JXN21;0;20190411;160018;98.120000000;2
RU000A0JXN21;0;20190411;160018;98.120000000;1
RU000A0JXN21;0;20190411;160726;98.300000000;1
RU000A0JXN21;0;20190411;161941;98.130000000;1
RU000A0JXN21;0;20190411;162328;98.120000000;110
RU000A0JXN21;0;20190411;162438;98.110000000;136
RU000A0JXN21;0;20190411;163702;98.120000000;1
RU000A0JXN21;0;20190411;163716;98.120000000;1
RU000A0JXN21;0;20190411;163734;98.120000000;1
RU000A0JXN21;0;20190411;163749;98.120000000;2
RU000A0JXN21;0;20190411;165539;98.120000000;5
RU000A0JXN21;0;20190411;173126;98.140000000;24
RU000A0JXN21;0;20190411;173126;98.150000000;21
RU000A0JXN21;0;20190411;173126;98.200000000;30
RU000A0JXN21;0;20190411;173126;98.300000000;31
RU000A0JXN21;0;20190411;173126;98.380000000;2
RU000A0JXN21;0;20190411;173126;98.390000000;290
RU000A0JXN21;0;20190411;173126;98.400000000;700
RU000A0JXN21;0;20190411;173126;98.480000000;30
RU000A0JXN21;0;20190411;173126;98.490000000;3
RU000A0JXN21;0;20190411;173126;98.490000000;100
RU000A0JXN21;0;20190411;173126;98.490000000;100
RU000A0JXN21;0;20190411;173126;98.500000000;2500
RU000A0JXN21;0;20190411;173126;98.500000000;5
RU000A0JXN21;0;20190411;173126;98.520000000;111
RU000A0JXN21;0;20190411;173126;98.530000000;253
RU000A0JXN21;0;20190411;173126;98.570000000;220
RU000A0JXN21;0;20190411;173126;98.570000000;30
RU000A0JXN21;0;20190411;173126;98.630000000;1292
RU000A0JXN21;0;20190411;173126;98.630000000;2
RU000A0JXN21;0;20190411;173126;98.700000000;5756
RU000A0JXN21;0;20190411;182313;98.300000000;15
RU000A0JXN21;0;20190411;183205;98.300000000;5
RU000A0JXN21;0;20190412;102312;98.310000000;3
RU000A0JXN21;0;20190412;102312;98.300000000;97
RU000A0JXN21;0;20190412;113005;98.300000000;3
RU000A0JXN21;0;20190412;113053;98.220000000;57
RU000A0JXN21;0;20190412;113139;98.220000000;23
RU000A0JXN21;0;20190412;113139;98.210000000;11
RU000A0JXN21;0;20190412;113139;98.210000000;66
RU000A0JXN21;0;20190412;130009;98.290000000;3
RU000A0JXN21;0;20190412;130333;98.300000000;3
RU000A0JXN21;0;20190412;130545;98.340000000;34
RU000A0JXN21;0;20190412;141404;98.340000000;46
RU000A0JXN21;0;20190412;141404;98.350000000;234
RU000A0JXN21;0;20190412;141721;98.350000000;203
RU000A0JXN21;0;20190412;142944;98.350000000;8
RU000A0JXN21;0;20190412;144611;98.390000000;8
RU000A0JXN21;0;20190412;145900;98.400000000;3
RU000A0JXN21;0;20190412;150411;98.390000000;13
RU000A0JXN21;0;20190412;151009;98.350000000;4
RU000A0JXN21;0;20190412;151009;98.300000000;100
RU000A0JXN21;0;20190412;151009;98.290000000;26
RU000A0JXN21;0;20190412;161159;98.300000000;22
RU000A0JXN21;0;20190412;161327;98.300000000;3
RU000A0JXN21;0;20190412;170555;98.300000000;19
RU000A0JXN21;0;20190412;171112;98.340000000;3
RU000A0JXN21;0;20190412;171112;98.350000000;2
RU000A0JXN21;0;20190412;175850;98.400000000;20
RU000A0JXN21;0;20190412;181941;98.310000000;5
RU000A0JXN21;0;20190412;182238;98.400000000;1
RU000A0JXN21;0;20190412;184356;98.400000000;95
RU000A0JXN21;0;20190415;105712;98.450000000;11
RU000A0JXN21;0;20190415;121127;98.420000000;10
RU000A0JXN21;0;20190415;121127;98.440000000;10
RU000A0JXN21;0;20190415;121127;98.440000000;50
RU000A0JXN21;0;20190415;121127;98.450000000;630
RU000A0JXN21;0;20190415;123522;98.450000000;238
RU000A0JXN21;0;20190415;123522;98.450000000;4
RU000A0JXN21;0;20190415;123533;98.450000000;22
RU000A0JXN21;0;20190415;124650;98.450000000;200
RU000A0JXN21;0;20190415;133230;98.490000000;10
RU000A0JXN21;0;20190415;133230;98.500000000;11
RU000A0JXN21;0;20190415;141938;98.500000000;5
RU000A0JXN21;0;20190415;152724;98.650000000;1
RU000A0JXN21;0;20190415;173035;98.500000000;1
RU000A0JXN21;0;20190416;103841;98.070000000;6
RU000A0JXN21;0;20190416;103841;98.070000000;14
RU000A0JXN21;0;20190416;105607;98.590000000;2
RU000A0JXN21;0;20190416;105607;98.590000000;3
RU000A0JXN21;0;20190416;110035;98.300000000;50
RU000A0JXN21;0;20190416;110035;98.300000000;19
RU000A0JXN21;0;20190416;110035;98.200000000;100
RU000A0JXN21;0;20190416;110524;98.200000000;1
RU000A0JXN21;0;20190416;110752;98.060000000;3
RU000A0JXN21;0;20190416;110808;98.060000000;7
RU000A0JXN21;0;20190416;111328;98.200000000;30
RU000A0JXN21;0;20190416;112052;98.200000000;38
RU000A0JXN21;0;20190416;113315;98.190000000;5
RU000A0JXN21;0;20190416;113558;98.190000000;4
RU000A0JXN21;0;20190416;113558;98.200000000;90
RU000A0JXN21;0;20190416;123622;98.200000000;54
RU000A0JXN21;0;20190416;125722;98.200000000;125
RU000A0JXN21;0;20190416;134241;98.200000000;20
RU000A0JXN21;0;20190416;141026;98.200000000;5
RU000A0JXN21;0;20190416;150340;98.200000000;130
RU000A0JXN21;0;20190416;151556;98.200000000;200
RU000A0JXN21;0;20190416;160532;98.100000000;3
RU000A0JXN21;0;20190416;160809;98.190000000;3
RU000A0JXN21;0;20190416;161039;98.200000000;2
RU000A0JXN21;0;20190416;163421;98.200000000;5
RU000A0JXN21;0;20190416;164524;98.200000000;5
RU000A0JXN21;0;20190416;171531;98.180000000;2
RU000A0JXN21;0;20190416;171531;98.150000000;844
RU000A0JXN21;0;20190416;172209;98.150000000;3
RU000A0JXN21;0;20190416;173205;98.100000000;10
RU000A0JXN21;0;20190416;182404;98.150000000;1
RU000A0JXN21;0;20190417;104358;98.160000000;2
RU000A0JXN21;0;20190417;104358;98.160000000;100
RU000A0JXN21;0;20190417;104358;98.160000000;1
RU000A0JXN21;0;20190417;104358;98.150000000;900
RU000A0JXN21;0;20190417;110438;98.150000000;250
RU000A0JXN21;0;20190417;111504;98.150000000;50
RU000A0JXN21;0;20190417;111639;98.150000000;220
RU000A0JXN21;0;20190417;112012;98.150000000;1
RU000A0JXN21;0;20190417;112159;98.150000000;33
RU000A0JXN21;0;20190417;113659;98.140000000;2
RU000A0JXN21;0;20190417;113916;98.150000000;165
RU000A0JXN21;0;20190417;114218;98.110000000;3
RU000A0JXN21;0;20190417;114218;98.100000000;10000
RU000A0JXN21;0;20190417;114306;98.090000000;3
RU000A0JXN21;0;20190417;114306;98.100000000;2
RU000A0JXN21;0;20190417;120825;98.100000000;10
RU000A0JXN21;0;20190417;121102;98.100000000;10
RU000A0JXN21;0;20190417;125157;98.100000000;67
RU000A0JXN21;0;20190417;125621;98.100000000;7
RU000A0JXN21;0;20190417;125734;98.100000000;8
RU000A0JXN21;0;20190417;130145;98.100000000;3
RU000A0JXN21;0;20190417;141950;98.100000000;37
RU000A0JXN21;0;20190417;142723;98.100000000;3800
RU000A0JXN21;0;20190417;144417;98.100000000;46
RU000A0JXN21;0;20190417;150050;98.100000000;51
RU000A0JXN21;0;20190417;150354;98.100000000;20
RU000A0JXN21;0;20190417;153036;98.100000000;7
RU000A0JXN21;0;20190417;165606;98.100000000;151
RU000A0JXN21;0;20190417;170328;98.100000000;3
RU000A0JXN21;0;20190417;174734;98.090000000;5
RU000A0JXN21;0;20190417;175251;98.100000000;62
RU000A0JXN21;0;20190417;181729;98.100000000;10
RU000A0JXN21;0;20190417;183027;98.100000000;150
RU000A0JXN21;0;20190417;183138;98.100000000;161
RU000A0JXN21;0;20190417;183927;98.100000000;50
RU000A0JXN21;0;20190417;184457;98.100000000;11
RU000A0JXN21;0;20190418;105605;98.110000000;3
RU000A0JXN21;0;20190418;105605;98.100000000;2
RU000A0JXN21;0;20190418;105605;98.100000000;50
RU000A0JXN21;0;20190418;105605;98.100000000;5000
RU000A0JXN21;0;20190418;105827;98.090000000;1
RU000A0JXN21;0;20190418;114047;98.090000000;2
RU000A0JXN21;0;20190418;122228;98.100000000;5
RU000A0JXN21;0;20190418;123415;98.100000000;2
RU000A0JXN21;0;20190418;152051;98.100000000;201
RU000A0JXN21;0;20190418;154720;98.100000000;3
RU000A0JXN21;0;20190418;160842;98.060000000;20
RU000A0JXN21;0;20190418;171927;98.100000000;104
RU000A0JXN21;0;20190418;171947;98.100000000;1
RU000A0JXN21;0;20190418;175234;98.100000000;19
RU000A0JXN21;0;20190418;181730;98.100000000;550
RU000A0JXN21;0;20190418;184446;98.100000000;5
RU000A0JXN21;0;20190419;100243;98.490000000;30
RU000A0JXN21;0;20190419;100320;98.490000000;55
RU000A0JXN21;0;20190419;101429;98.450000000;4
RU000A0JXN21;0;20190419;102132;98.130000000;3
RU000A0JXN21;0;20190419;102132;98.120000000;50
RU000A0JXN21;0;20190419;102132;98.100000000;11
RU000A0JXN21;0;20190419;102132;98.100000000;118
RU000A0JXN21;0;20190419;104246;98.100000000;250
RU000A0JXN21;0;20190419;140407;98.080000000;1
RU000A0JXN21;0;20190419;140407;98.080000000;1
RU000A0JXN21;0;20190419;140407;98.070000000;2
RU000A0JXN21;0;20190419;140407;98.070000000;1
RU000A0JXN21;0;20190419;150202;98.080000000;2
RU000A0JXN21;0;20190419;150727;98.100000000;14
RU000A0JXN21;0;20190419;151119;98.060000000;4
RU000A0JXN21;0;20190419;152033;98.100000000;210
RU000A0JXN21;0;20190419;153002;98.100000000;50
RU000A0JXN21;0;20190419;153614;98.100000000;1
RU000A0JXN21;0;20190419;154758;98.100000000;8137
RU000A0JXN21;0;20190419;155742;98.140000000;3
RU000A0JXN21;0;20190419;155742;98.150000000;2
RU000A0JXN21;0;20190419;171126;98.060000000;1
RU000A0JXN21;0;20190419;171126;98.060000000;4
RU000A0JXN21;0;20190419;171308;98.060000000;1
RU000A0JXN21;0;20190419;171308;98.060000000;4
RU000A0JXN21;0;20190419;171834;98.060000000;3
RU000A0JXN21;0;20190419;175417;98.150000000;18
RU000A0JXN21;0;20190419;175704;98.250000000;95
RU000A0JXN21;0;20190419;181604;98.250000000;5
RU000A0JXN21;0;20190422;120716;98.250000000;60
RU000A0JXN21;0;20190422;121544;98.110000000;3
RU000A0JXN21;0;20190422;121544;98.100000000;15
RU000A0JXN21;0;20190422;122156;98.240000000;3
RU000A0JXN21;0;20190422;122156;98.240000000;1
RU000A0JXN21;0;20190422;122156;98.250000000;9
RU000A0JXN21;0;20190422;122156;98.270000000;100
RU000A0JXN21;0;20190422;122156;98.270000000;100
RU000A0JXN21;0;20190422;122156;98.270000000;87
RU000A0JXN21;0;20190422;130909;98.200000000;200
RU000A0JXN21;0;20190422;130909;98.100000000;85
RU000A0JXN21;0;20190422;130909;98.100000000;320
RU000A0JXN21;0;20190422;132757;98.100000000;255
RU000A0JXN21;0;20190422;144733;98.260000000;1
RU000A0JXN21;0;20190422;153036;98.250000000;5
RU000A0JXN21;0;20190422;153456;98.250000000;6
RU000A0JXN21;0;20190422;153654;98.250000000;19
RU000A0JXN21;0;20190422;155405;98.250000000;5
RU000A0JXN21;0;20190422;155627;98.270000000;300
RU000A0JXN21;0;20190422;155709;98.270000000;19
RU000A0JXN21;0;20190422;163649;98.110000000;2
RU000A0JXN21;0;20190422;163844;98.260000000;1
RU000A0JXN21;0;20190422;182739;98.160000000;14
RU000A0JXN21;0;20190422;183538;98.100000000;1
RU000A0JXN21;0;20190423;102721;97.740000000;1
RU000A0JXN21;0;20190423;102721;97.730000000;5
RU000A0JXN21;0;20190423;102721;97.730000000;5
RU000A0JXN21;0;20190423;102721;97.020000000;3
RU000A0JXN21;0;20190423;102721;97.000000000;2
RU000A0JXN21;0;20190423;102721;97.000000000;34
RU000A0JXN21;0;20190423;102802;98.050000000;8
RU000A0JXN21;0;20190423;102802;97.630000000;8
RU000A0JXN21;0;20190423;102802;97.550000000;4
RU000A0JXN21;0;20190423;110217;98.360000000;2
RU000A0JXN21;0;20190423;111846;98.110000000;1
RU000A0JXN21;0;20190423;111846;98.100000000;249
RU000A0JXN21;0;20190423;111939;98.110000000;2
RU000A0JXN21;0;20190423;111939;98.100000000;1
RU000A0JXN21;0;20190423;113926;98.100000000;76
RU000A0JXN21;0;20190423;120909;98.280000000;1
RU000A0JXN21;0;20190423;131308;98.240000000;1
RU000A0JXN21;0;20190423;131308;98.250000000;20
RU000A0JXN21;0;20190423;131308;98.280000000;33
RU000A0JXN21;0;20190423;131308;98.290000000;6
RU000A0JXN21;0;20190423;134542;98.280000000;1
RU000A0JXN21;0;20190423;134542;98.290000000;3
RU000A0JXN21;0;20190423;171837;98.290000000;18
RU000A0JXN21;0;20190424;121024;98.250000000;101
RU000A0JXN21;0;20190424;124724;98.100000000;500
RU000A0JXN21;0;20190424;125735;98.100000000;162
RU000A0JXN21;0;20190424;125747;98.100000000;2
RU000A0JXN21;0;20190424;135707;98.090000000;10
RU000A0JXN21;0;20190424;135707;98.100000000;140
RU000A0JXN21;0;20190424;150209;98.100000000;120
RU000A0JXN21;0;20190424;150618;98.100000000;2
RU000A0JXN21;0;20190424;160412;98.050000000;296
RU000A0JXN21;0;20190424;160423;98.050000000;701
RU000A0JXN21;0;20190424;160804;98.100000000;1
RU000A0JXN21;0;20190424;182345;98.100000000;310
RU000A0JXN21;0;20190424;183135;98.100000000;200
RU000A0JXN21;0;20190424;184235;98.100000000;100
RU000A0JXN21;0;20190424;184350;98.100000000;6
RU000A0JXN21;0;20190425;103443;98.160000000;1
RU000A0JXN21;0;20190425;103443;98.150000000;101
RU000A0JXN21;0;20190425;103806;98.190000000;1
RU000A0JXN21;0;20190425;114707;98.190000000;1
RU000A0JXN21;0;20190425;150519;98.140000000;4
RU000A0JXN21;0;20190425;152131;98.100000000;7
RU000A0JXN21;0;20190425;154109;98.100000000;33
RU000A0JXN21;0;20190425;154120;98.050000000;17
RU000A0JXN21;0;20190425;161551;98.080000000;3
RU000A0JXN21;0;20190425;164614;98.070000000;2
RU000A0JXN21;0;20190425;164614;98.050000000;33
RU000A0JXN21;0;20190425;172949;98.050000000;66
RU000A0JXN21;0;20190425;174349;98.050000000;121
RU000A0JXN21;0;20190425;174801;98.010000000;1
RU000A0JXN21;0;20190425;174801;98.000000000;2
RU000A0JXN21;0;20190425;174801;98.000000000;200
RU000A0JXN21;0;20190425;174801;97.980000000;5
RU000A0JXN21;0;20190425;174801;97.980000000;300
RU000A0JXN21;0;20190425;175741;97.950000000;20
RU000A0JXN21;0;20190425;180137;97.950000000;100
RU000A0JXN21;0;20190425;180228;97.950000000;100
RU000A0JXN21;0;20190425;180252;97.950000000;1
RU000A0JXN21;0;20190425;180319;97.950000000;1
RU000A0JXN21;0;20190425;183449;97.910000000;1
RU000A0JXN21;0;20190425;183900;97.910000000;1
RU000A0JXN21;0;20190425;183900;97.900000000;132
RU000A0JXN21;0;20190426;105658;98.100000000;4
RU000A0JXN21;0;20190426;113057;98.100000000;44
RU000A0JXN21;0;20190426;113333;98.160000000;1
RU000A0JXN21;0;20190426;113448;98.160000000;2
RU000A0JXN21;0;20190426;113448;98.170000000;79
RU000A0JXN21;0;20190426;114616;98.170000000;19
RU000A0JXN21;0;20190426;114616;98.170000000;40
RU000A0JXN21;0;20190426;133948;98.180000000;45
RU000A0JXN21;0;20190426;133948;98.170000000;60
RU000A0JXN21;0;20190426;151741;98.170000000;10
RU000A0JXN21;0;20190426;163042;98.100000000;68
RU000A0JXN21;0;20190426;163042;98.100000000;100
RU000A0JXN21;0;20190426;163123;98.100000000;100
RU000A0JXN21;0;20190426;163929;98.100000000;5
RU000A0JXN21;0;20190426;173026;98.090000000;45
RU000A0JXN21;0;20190426;182214;98.090000000;100
RU000A0JXN21;0;20190426;182320;98.090000000;60
RU000A0JXN21;0;20190426;183003;98.000000000;100
RU000A0JXN21;0;20190426;183744;98.000000000;90
RU000A0JXN21;0;20190426;183904;98.000000000;10
RU000A0JXN21;0;20190426;183904;98.000000000;40
RU000A0JXN21;0;20190426;184006;98.090000000;100
RU000A0JXN21;0;20190426;184050;98.090000000;200
RU000A0JXN21;0;20190429;110925;98.060000000;1
RU000A0JXN21;0;20190429;122149;98.050000000;1
RU000A0JXN21;0;20190429;125925;98.010000000;12
