<TICKER>;<PER>;<DATE>;<TIME>;<LAST>;<VOL>
RU000A100JH0;0;20190709;145635;108.560000000;25
RU000A100JH0;0;20190709;151456;108.560000000;1
RU000A100JH0;0;20190709;151505;101.000000000;1
RU000A100JH0;0;20190709;154912;102.500000000;1
RU000A100JH0;0;20190709;160110;102.000000000;1
RU000A100JH0;0;20190709;161536;102.000000000;5
RU000A100JH0;0;20190709;163257;101.610000000;221
RU000A100JH0;0;20190709;163257;101.600000000;1
RU000A100JH0;0;20190709;163257;101.550000000;27
RU000A100JH0;0;20190709;163257;101.530000000;50
RU000A100JH0;0;20190709;163257;101.530000000;2
RU000A100JH0;0;20190709;163257;101.530000000;459
RU000A100JH0;0;20190709;163257;101.530000000;34
RU000A100JH0;0;20190709;163257;101.530000000;3
RU000A100JH0;0;20190709;163257;101.530000000;7
RU000A100JH0;0;20190709;163257;101.530000000;8
RU000A100JH0;0;20190709;163257;101.530000000;2
RU000A100JH0;0;20190709;163257;101.530000000;38
RU000A100JH0;0;20190709;163257;101.530000000;5
RU000A100JH0;0;20190709;163257;101.530000000;4
RU000A100JH0;0;20190709;163257;101.530000000;3
RU000A100JH0;0;20190709;163257;101.530000000;2
RU000A100JH0;0;20190709;163257;101.530000000;7
RU000A100JH0;0;20190709;163257;101.530000000;13
RU000A100JH0;0;20190709;163257;101.530000000;56
RU000A100JH0;0;20190709;163257;101.530000000;74
RU000A100JH0;0;20190709;163257;101.530000000;73
RU000A100JH0;0;20190709;163257;101.530000000;191
RU000A100JH0;0;20190709;163257;101.530000000;104
RU000A100JH0;0;20190709;163257;101.530000000;73
RU000A100JH0;0;20190709;163257;101.530000000;146
RU000A100JH0;0;20190709;163257;101.530000000;60
RU000A100JH0;0;20190709;163257;101.530000000;45
RU000A100JH0;0;20190709;163257;101.530000000;10
RU000A100JH0;0;20190709;163257;101.530000000;11
RU000A100JH0;0;20190709;163257;101.530000000;23
RU000A100JH0;0;20190709;163257;101.530000000;9
RU000A100JH0;0;20190709;163257;101.530000000;56
RU000A100JH0;0;20190709;163257;101.530000000;5
RU000A100JH0;0;20190709;163257;101.530000000;1
RU000A100JH0;0;20190709;163257;101.530000000;19
RU000A100JH0;0;20190709;163257;101.530000000;54
RU000A100JH0;0;20190709;163257;101.530000000;51
RU000A100JH0;0;20190709;163257;101.530000000;196
RU000A100JH0;0;20190709;163257;101.530000000;37
RU000A100JH0;0;20190709;163257;101.530000000;128
RU000A100JH0;0;20190709;163257;101.530000000;47
RU000A100JH0;0;20190709;163257;101.530000000;51
RU000A100JH0;0;20190709;163257;101.530000000;64
RU000A100JH0;0;20190709;163257;101.530000000;49
RU000A100JH0;0;20190709;163257;101.530000000;123
RU000A100JH0;0;20190709;163257;101.530000000;50
RU000A100JH0;0;20190709;163257;101.530000000;50
RU000A100JH0;0;20190709;163257;101.530000000;62
RU000A100JH0;0;20190709;163257;101.530000000;99
RU000A100JH0;0;20190709;163257;101.530000000;63
RU000A100JH0;0;20190709;163257;101.530000000;43
RU000A100JH0;0;20190709;163257;101.530000000;125
RU000A100JH0;0;20190709;163257;101.530000000;63
RU000A100JH0;0;20190709;163257;101.530000000;1262
RU000A100JH0;0;20190709;163257;101.530000000;64
RU000A100JH0;0;20190709;163257;101.530000000;126
RU000A100JH0;0;20190709;163257;101.530000000;77
RU000A100JH0;0;20190709;163257;101.530000000;51
RU000A100JH0;0;20190709;163257;101.530000000;64
RU000A100JH0;0;20190709;163257;101.530000000;50
RU000A100JH0;0;20190709;163257;101.530000000;64
RU000A100JH0;0;20190709;163257;101.530000000;64
RU000A100JH0;0;20190709;163257;101.530000000;64
RU000A100JH0;0;20190709;163257;101.530000000;56
RU000A100JH0;0;20190709;163257;101.530000000;3
RU000A100JH0;0;20190709;163257;101.530000000;48
RU000A100JH0;0;20190709;163257;101.530000000;42
RU000A100JH0;0;20190709;163257;101.530000000;341
RU000A100JH0;0;20190709;163257;101.530000000;71
RU000A100JH0;0;20190709;163257;101.530000000;42
RU000A100JH0;0;20190709;163257;101.530000000;43
RU000A100JH0;0;20190709;163257;101.530000000;96
RU000A100JH0;0;20190709;163257;101.530000000;53
RU000A100JH0;0;20190709;163257;101.530000000;31
RU000A100JH0;0;20190709;163257;101.530000000;53
RU000A100JH0;0;20190709;163257;101.530000000;160
RU000A100JH0;0;20190709;163257;101.530000000;242
RU000A100JH0;0;20190709;163257;101.530000000;42
RU000A100JH0;0;20190709;163257;101.530000000;42
RU000A100JH0;0;20190709;163257;101.530000000;1692
RU000A100JH0;0;20190709;163257;101.530000000;106
RU000A100JH0;0;20190709;163257;101.530000000;152
RU000A100JH0;0;20190709;163257;101.530000000;106
RU000A100JH0;0;20190709;163257;101.530000000;42
RU000A100JH0;0;20190709;163257;101.530000000;61
RU000A100JH0;0;20190709;163257;101.530000000;52
RU000A100JH0;0;20190709;163257;101.530000000;207
RU000A100JH0;0;20190709;163257;101.530000000;812
RU000A100JH0;0;20190709;163257;101.530000000;92
RU000A100JH0;0;20190709;163257;101.530000000;41
RU000A100JH0;0;20190709;163257;101.530000000;520
RU000A100JH0;0;20190709;163257;101.530000000;260
RU000A100JH0;0;20190709;163257;101.530000000;102
RU000A100JH0;0;20190709;163257;101.530000000;51
RU000A100JH0;0;20190709;163257;101.530000000;105
RU000A100JH0;0;20190709;163257;101.530000000;51
RU000A100JH0;0;20190709;163257;101.530000000;51
RU000A100JH0;0;20190709;163257;101.530000000;615
RU000A100JH0;0;20190709;163257;101.530000000;52
RU000A100JH0;0;20190709;163257;101.530000000;31
RU000A100JH0;0;20190709;163257;101.530000000;52
RU000A100JH0;0;20190709;163257;101.530000000;94
RU000A100JH0;0;20190709;163257;101.530000000;130
RU000A100JH0;0;20190709;163257;101.530000000;73
RU000A100JH0;0;20190709;163257;101.530000000;52
RU000A100JH0;0;20190709;163257;101.530000000;52
RU000A100JH0;0;20190709;163257;101.530000000;115
RU000A100JH0;0;20190709;163257;101.530000000;52
RU000A100JH0;0;20190709;163257;101.530000000;104
RU000A100JH0;0;20190709;163257;101.530000000;107
RU000A100JH0;0;20190709;163257;101.530000000;593
RU000A100JH0;0;20190709;163257;101.530000000;32
RU000A100JH0;0;20190709;163257;101.530000000;45
RU000A100JH0;0;20190709;163257;101.530000000;53
RU000A100JH0;0;20190709;163257;101.530000000;79
RU000A100JH0;0;20190709;163257;101.530000000;64
RU000A100JH0;0;20190709;163257;101.530000000;7
RU000A100JH0;0;20190709;163257;101.530000000;13
RU000A100JH0;0;20190709;163257;101.530000000;38
RU000A100JH0;0;20190709;163257;101.530000000;28
RU000A100JH0;0;20190709;163257;101.530000000;98
RU000A100JH0;0;20190709;163257;101.530000000;40
RU000A100JH0;0;20190709;163257;101.530000000;34
RU000A100JH0;0;20190709;163257;101.530000000;124
RU000A100JH0;0;20190709;163257;101.530000000;33
RU000A100JH0;0;20190709;163257;101.530000000;33
RU000A100JH0;0;20190709;163257;101.530000000;209
RU000A100JH0;0;20190709;163257;101.530000000;86
RU000A100JH0;0;20190709;163257;101.530000000;32
RU000A100JH0;0;20190709;163257;101.530000000;312
RU000A100JH0;0;20190709;163257;101.530000000;56
RU000A100JH0;0;20190709;163257;101.530000000;28
RU000A100JH0;0;20190709;163303;101.530000000;5
RU000A100JH0;0;20190709;163319;101.530000000;825
RU000A100JH0;0;20190709;163326;101.530000000;10
RU000A100JH0;0;20190709;163331;101.530000000;143
RU000A100JH0;0;20190709;163505;102.000000000;470
RU000A100JH0;0;20190709;163619;101.850000000;8000
RU000A100JH0;0;20190709;163633;101.850000000;2500
RU000A100JH0;0;20190709;163654;101.850000000;500
RU000A100JH0;0;20190709;163832;101.660000000;1
RU000A100JH0;0;20190709;164404;102.000000000;40
RU000A100JH0;0;20190709;164502;102.000000000;4
RU000A100JH0;0;20190709;164633;101.990000000;10
RU000A100JH0;0;20190709;164857;102.000000000;50
RU000A100JH0;0;20190709;164905;102.000000000;50
RU000A100JH0;0;20190709;165540;101.990000000;200
RU000A100JH0;0;20190709;165802;101.990000000;45
RU000A100JH0;0;20190709;165825;102.000000000;100
RU000A100JH0;0;20190709;165841;101.990000000;100
RU000A100JH0;0;20190709;165911;102.000000000;537
RU000A100JH0;0;20190709;165941;102.000000000;1
RU000A100JH0;0;20190709;165946;102.000000000;5
RU000A100JH0;0;20190709;170023;102.000000000;15
RU000A100JH0;0;20190709;170052;101.990000000;5
RU000A100JH0;0;20190709;170059;102.000000000;500
RU000A100JH0;0;20190709;170222;102.000000000;200
RU000A100JH0;0;20190709;170239;102.000000000;6
RU000A100JH0;0;20190709;170300;102.000000000;309
RU000A100JH0;0;20190709;170308;102.000000000;100
RU000A100JH0;0;20190709;170327;102.000000000;27
RU000A100JH0;0;20190709;170332;102.000000000;10
RU000A100JH0;0;20190709;170355;102.000000000;51
RU000A100JH0;0;20190709;170604;102.000000000;99
RU000A100JH0;0;20190709;170903;101.940000000;83
RU000A100JH0;0;20190709;170908;101.940000000;5
RU000A100JH0;0;20190709;170954;101.940000000;1
RU000A100JH0;0;20190709;171009;101.940000000;1
RU000A100JH0;0;20190709;171342;101.940000000;40
RU000A100JH0;0;20190709;171437;101.940000000;70
RU000A100JH0;0;20190709;171509;101.940000000;52
RU000A100JH0;0;20190709;171538;101.950000000;447
RU000A100JH0;0;20190709;171719;101.950000000;1
RU000A100JH0;0;20190709;171831;101.950000000;500
RU000A100JH0;0;20190709;172548;101.950000000;300
RU000A100JH0;0;20190709;172703;101.950000000;300
RU000A100JH0;0;20190709;172817;101.950000000;1500
RU000A100JH0;0;20190709;172825;101.950000000;240
RU000A100JH0;0;20190709;172825;101.950000000;1640
RU000A100JH0;0;20190709;172825;101.950000000;180
RU000A100JH0;0;20190709;172825;101.950000000;80
RU000A100JH0;0;20190709;172825;101.950000000;300
RU000A100JH0;0;20190709;172825;101.950000000;320
RU000A100JH0;0;20190709;172825;101.950000000;60
RU000A100JH0;0;20190709;172825;101.950000000;180
RU000A100JH0;0;20190709;172832;101.950000000;700
RU000A100JH0;0;20190709;172832;101.950000000;120
RU000A100JH0;0;20190709;172832;101.950000000;260
RU000A100JH0;0;20190709;172834;101.950000000;10
RU000A100JH0;0;20190709;172842;101.950000000;340
RU000A100JH0;0;20190709;172846;101.950000000;1892
RU000A100JH0;0;20190709;172846;102.000000000;2420
RU000A100JH0;0;20190709;173409;102.480000000;20
RU000A100JH0;0;20190709;173409;102.480000000;30
RU000A100JH0;0;20190709;174856;102.480000000;30
RU000A100JH0;0;20190709;175253;102.400000000;5
RU000A100JH0;0;20190709;175253;102.030000000;20
RU000A100JH0;0;20190709;175253;102.030000000;472
RU000A100JH0;0;20190709;175253;102.020000000;3
RU000A100JH0;0;20190709;175547;102.480000000;25
RU000A100JH0;0;20190709;175914;102.470000000;20
RU000A100JH0;0;20190709;180928;102.470000000;10
RU000A100JH0;0;20190709;181001;102.470000000;20
RU000A100JH0;0;20190709;181001;102.480000000;15
RU000A100JH0;0;20190709;181001;102.490000000;101
RU000A100JH0;0;20190709;181001;102.740000000;184
RU000A100JH0;0;20190709;182152;102.740000000;13
RU000A100JH0;0;20190709;182307;102.740000000;1
RU000A100JH0;0;20190709;182324;102.600000000;100
RU000A100JH0;0;20190709;182432;102.600000000;10
RU000A100JH0;0;20190709;182758;102.600000000;70
RU000A100JH0;0;20190709;182842;102.600000000;31
RU000A100JH0;0;20190709;182906;102.600000000;1
RU000A100JH0;0;20190709;182952;102.600000000;4
RU000A100JH0;0;20190709;182958;102.540000000;1
RU000A100JH0;0;20190709;183016;102.500000000;18
RU000A100JH0;0;20190709;183532;102.300000000;10
RU000A100JH0;0;20190709;183532;102.100000000;5
RU000A100JH0;0;20190709;183538;102.100000000;46
RU000A100JH0;0;20190709;183541;102.100000000;106
RU000A100JH0;0;20190709;183928;102.500000000;1
RU000A100JH0;0;20190709;183928;102.100000000;50
RU000A100JH0;0;20190709;183928;102.090000000;5
RU000A100JH0;0;20190709;183928;102.080000000;5
RU000A100JH0;0;20190709;183928;102.070000000;5
RU000A100JH0;0;20190709;183928;102.040000000;1
RU000A100JH0;0;20190709;183928;102.040000000;100
RU000A100JH0;0;20190709;183928;102.030000000;100
RU000A100JH0;0;20190709;183928;102.030000000;6
RU000A100JH0;0;20190709;183928;102.020000000;12
RU000A100JH0;0;20190709;183928;102.020000000;10
RU000A100JH0;0;20190709;183928;102.020000000;5
RU000A100JH0;0;20190709;184016;102.590000000;25
RU000A100JH0;0;20190709;184017;102.590000000;50
RU000A100JH0;0;20190709;184220;102.590000000;75
RU000A100JH0;0;20190709;184220;102.600000000;22
RU000A100JH0;0;20190710;100159;104.000000000;10
RU000A100JH0;0;20190710;100239;102.600000000;400
RU000A100JH0;0;20190710;100243;102.600000000;1
RU000A100JH0;0;20190710;100539;103.000000000;1000
RU000A100JH0;0;20190710;101247;103.800000000;500
RU000A100JH0;0;20190710;101653;103.700000000;40
RU000A100JH0;0;20190710;102340;103.490000000;50
RU000A100JH0;0;20190710;102657;103.490000000;50
RU000A100JH0;0;20190710;102700;103.490000000;50
RU000A100JH0;0;20190710;103010;103.500000000;200
RU000A100JH0;0;20190710;103031;103.490000000;1
RU000A100JH0;0;20190710;103148;103.490000000;49
RU000A100JH0;0;20190710;103150;103.490000000;60
RU000A100JH0;0;20190710;104258;103.400000000;91
RU000A100JH0;0;20190710;104756;103.400000000;50
RU000A100JH0;0;20190710;104805;103.400000000;750
RU000A100JH0;0;20190710;104859;103.410000000;50
RU000A100JH0;0;20190710;105000;103.410000000;450
RU000A100JH0;0;20190710;105101;103.420000000;6
RU000A100JH0;0;20190710;105122;103.420000000;10
RU000A100JH0;0;20190710;105228;103.420000000;25
RU000A100JH0;0;20190710;105247;103.420000000;50
RU000A100JH0;0;20190710;105256;103.420000000;100
RU000A100JH0;0;20190710;105319;103.420000000;300
RU000A100JH0;0;20190710;105422;103.420000000;9
RU000A100JH0;0;20190710;105445;103.430000000;200
RU000A100JH0;0;20190710;105459;103.430000000;30
RU000A100JH0;0;20190710;105556;103.430000000;270
RU000A100JH0;0;20190710;105640;103.440000000;75
RU000A100JH0;0;20190710;105648;103.440000000;80
RU000A100JH0;0;20190710;105653;103.440000000;93
RU000A100JH0;0;20190710;105845;103.440000000;250
RU000A100JH0;0;20190710;105957;103.440000000;1
RU000A100JH0;0;20190710;110605;103.440000000;1
RU000A100JH0;0;20190710;110605;103.450000000;2000
RU000A100JH0;0;20190710;110605;103.500000000;2999
RU000A100JH0;0;20190710;110732;103.500000000;9000
RU000A100JH0;0;20190710;110743;103.500000000;1000
RU000A100JH0;0;20190710;110806;103.500000000;320
RU000A100JH0;0;20190710;110814;103.500000000;887
RU000A100JH0;0;20190710;110827;103.500000000;820
RU000A100JH0;0;20190710;111135;103.500000000;200
RU000A100JH0;0;20190710;111208;103.500000000;100
RU000A100JH0;0;20190710;111228;103.500000000;200
RU000A100JH0;0;20190710;111236;103.500000000;221
RU000A100JH0;0;20190710;111242;103.410000000;10
RU000A100JH0;0;20190710;111242;103.400000000;90
RU000A100JH0;0;20190710;111257;103.400000000;100
RU000A100JH0;0;20190710;111302;103.400000000;100
RU000A100JH0;0;20190710;111323;103.400000000;65
RU000A100JH0;0;20190710;111406;103.400000000;100
RU000A100JH0;0;20190710;111426;103.400000000;105
RU000A100JH0;0;20190710;111510;103.400000000;109
RU000A100JH0;0;20190710;112016;103.400000000;100
RU000A100JH0;0;20190710;112309;103.400000000;1
RU000A100JH0;0;20190710;112651;103.400000000;100
RU000A100JH0;0;20190710;112946;103.400000000;24
RU000A100JH0;0;20190710;113341;103.400000000;1
RU000A100JH0;0;20190710;113442;103.400000000;30
RU000A100JH0;0;20190710;113822;103.400000000;120
RU000A100JH0;0;20190710;113855;103.400000000;30
RU000A100JH0;0;20190710;113950;103.400000000;200
RU000A100JH0;0;20190710;114100;103.400000000;30
RU000A100JH0;0;20190710;114131;103.400000000;5
RU000A100JH0;0;20190710;114154;103.400000000;100
RU000A100JH0;0;20190710;115738;103.400000000;10
RU000A100JH0;0;20190710;120035;103.400000000;545
RU000A100JH0;0;20190710;120149;103.400000000;20
RU000A100JH0;0;20190710;120159;103.400000000;5
RU000A100JH0;0;20190710;120159;103.400000000;100
RU000A100JH0;0;20190710;121135;103.400000000;19
RU000A100JH0;0;20190710;121208;103.400000000;2
RU000A100JH0;0;20190710;121359;103.400000000;100
RU000A100JH0;0;20190710;122236;103.400000000;300
RU000A100JH0;0;20190710;122314;103.400000000;100
RU000A100JH0;0;20190710;122552;103.400000000;65
RU000A100JH0;0;20190710;122554;103.400000000;193
RU000A100JH0;0;20190710;123012;103.400000000;11
RU000A100JH0;0;20190710;123144;103.370000000;50
RU000A100JH0;0;20190710;123144;103.370000000;10
RU000A100JH0;0;20190710;123400;103.360000000;1
RU000A100JH0;0;20190710;123400;103.350000000;150
RU000A100JH0;0;20190710;123459;103.340000000;2
RU000A100JH0;0;20190710;123504;103.300000000;100
RU000A100JH0;0;20190710;123555;103.340000000;80
RU000A100JH0;0;20190710;123754;103.250000000;1
RU000A100JH0;0;20190710;124309;103.340000000;118
RU000A100JH0;0;20190710;124531;103.340000000;18
RU000A100JH0;0;20190710;125031;103.340000000;82
RU000A100JH0;0;20190710;125031;103.340000000;78
RU000A100JH0;0;20190710;125541;103.340000000;22
RU000A100JH0;0;20190710;125640;103.350000000;180
RU000A100JH0;0;20190710;131404;103.350000000;1
RU000A100JH0;0;20190710;132330;103.350000000;50
RU000A100JH0;0;20190710;132449;103.350000000;80
RU000A100JH0;0;20190710;132921;103.340000000;22
RU000A100JH0;0;20190710;132921;103.250000000;49
RU000A100JH0;0;20190710;132921;103.250000000;50
RU000A100JH0;0;20190710;132921;103.250000000;50
RU000A100JH0;0;20190710;132921;103.190000000;200
RU000A100JH0;0;20190710;132921;103.180000000;3
RU000A100JH0;0;20190710;132921;103.180000000;485
RU000A100JH0;0;20190710;132921;103.170000000;80
RU000A100JH0;0;20190710;132921;103.160000000;200
RU000A100JH0;0;20190710;132921;103.150000000;3
RU000A100JH0;0;20190710;132921;103.150000000;2432
RU000A100JH0;0;20190710;132921;103.150000000;50
RU000A100JH0;0;20190710;132921;103.010000000;1
RU000A100JH0;0;20190710;132921;103.010000000;100
RU000A100JH0;0;20190710;132921;103.010000000;500
RU000A100JH0;0;20190710;132921;103.000000000;100
RU000A100JH0;0;20190710;132921;103.000000000;20
RU000A100JH0;0;20190710;132921;103.000000000;386
RU000A100JH0;0;20190710;132921;103.000000000;10
RU000A100JH0;0;20190710;132921;103.000000000;6000
RU000A100JH0;0;20190710;133221;103.350000000;100
RU000A100JH0;0;20190710;134227;102.820000000;40
RU000A100JH0;0;20190710;134230;102.820000000;50
RU000A100JH0;0;20190710;134242;102.820000000;130
RU000A100JH0;0;20190710;134906;103.000000000;10
RU000A100JH0;0;20190710;134941;103.000000000;20
RU000A100JH0;0;20190710;135707;103.000000000;10
RU000A100JH0;0;20190710;135748;103.200000000;1
RU000A100JH0;0;20190710;135850;103.200000000;99
RU000A100JH0;0;20190710;135850;103.200000000;46
RU000A100JH0;0;20190710;140525;103.200000000;2
RU000A100JH0;0;20190710;141221;103.200000000;15
RU000A100JH0;0;20190710;141959;103.200000000;1
RU000A100JH0;0;20190710;142729;103.200000000;24
RU000A100JH0;0;20190710;142830;103.200000000;1
RU000A100JH0;0;20190710;143023;103.200000000;5
RU000A100JH0;0;20190710;143619;103.200000000;5
RU000A100JH0;0;20190710;143628;103.200000000;1
RU000A100JH0;0;20190710;143628;103.200000000;4
RU000A100JH0;0;20190710;143721;103.200000000;5
RU000A100JH0;0;20190710;144101;103.200000000;27
RU000A100JH0;0;20190710;144215;103.200000000;64
RU000A100JH0;0;20190710;144215;103.210000000;100
RU000A100JH0;0;20190710;144215;103.210000000;200
RU000A100JH0;0;20190710;144215;103.220000000;136
RU000A100JH0;0;20190710;144921;103.220000000;2
RU000A100JH0;0;20190710;144959;103.220000000;3
RU000A100JH0;0;20190710;145326;103.210000000;1
RU000A100JH0;0;20190710;145917;103.050000000;5
RU000A100JH0;0;20190710;145917;103.000000000;10
RU000A100JH0;0;20190710;145917;102.950000000;83
RU000A100JH0;0;20190710;145917;102.900000000;1
RU000A100JH0;0;20190710;145917;102.820000000;113
RU000A100JH0;0;20190710;145917;102.810000000;40
RU000A100JH0;0;20190710;145917;102.810000000;300
RU000A100JH0;0;20190710;145917;102.800000000;1300
RU000A100JH0;0;20190710;145917;102.800000000;300
RU000A100JH0;0;20190710;145917;102.800000000;400
RU000A100JH0;0;20190710;145917;102.800000000;250
RU000A100JH0;0;20190710;145917;102.800000000;100
RU000A100JH0;0;20190710;145917;102.800000000;250
RU000A100JH0;0;20190710;145917;102.800000000;50
RU000A100JH0;0;20190710;145917;102.800000000;906
RU000A100JH0;0;20190710;145932;103.150000000;30
RU000A100JH0;0;20190710;150657;103.150000000;1
RU000A100JH0;0;20190710;151306;103.150000000;69
RU000A100JH0;0;20190710;151338;103.340000000;132
RU000A100JH0;0;20190710;151357;103.340000000;1
RU000A100JH0;0;20190710;151753;103.340000000;1
RU000A100JH0;0;20190710;151757;103.340000000;1
RU000A100JH0;0;20190710;151805;103.340000000;4
RU000A100JH0;0;20190710;152015;103.340000000;9
RU000A100JH0;0;20190710;152242;103.340000000;51
RU000A100JH0;0;20190710;152757;103.250000000;150
RU000A100JH0;0;20190710;152838;103.250000000;20
RU000A100JH0;0;20190710;153626;103.250000000;5
RU000A100JH0;0;20190710;154022;103.250000000;50
RU000A100JH0;0;20190710;154120;103.250000000;30
RU000A100JH0;0;20190710;154616;103.250000000;100
RU000A100JH0;0;20190710;155830;103.240000000;3
RU000A100JH0;0;20190710;160823;103.240000000;1
RU000A100JH0;0;20190710;161324;103.240000000;10
RU000A100JH0;0;20190710;161459;103.240000000;10
RU000A100JH0;0;20190710;162649;103.240000000;1
RU000A100JH0;0;20190710;163131;103.240000000;1
RU000A100JH0;0;20190710;163437;103.240000000;100
RU000A100JH0;0;20190710;163652;103.240000000;3
RU000A100JH0;0;20190710;163652;103.250000000;7
RU000A100JH0;0;20190710;164158;103.250000000;1
RU000A100JH0;0;20190710;165353;103.250000000;1
RU000A100JH0;0;20190710;165748;103.250000000;10
RU000A100JH0;0;20190710;170229;103.250000000;200
RU000A100JH0;0;20190710;171049;103.250000000;1
RU000A100JH0;0;20190710;171437;103.250000000;3
RU000A100JH0;0;20190710;171845;103.250000000;10
RU000A100JH0;0;20190710;172008;103.250000000;10
RU000A100JH0;0;20190710;172620;103.250000000;2
RU000A100JH0;0;20190710;173013;103.250000000;1
RU000A100JH0;0;20190710;173606;103.250000000;2
RU000A100JH0;0;20190710;173756;103.250000000;1
RU000A100JH0;0;20190710;173922;103.250000000;10
RU000A100JH0;0;20190710;174021;103.250000000;2
RU000A100JH0;0;20190710;174427;103.250000000;1
RU000A100JH0;0;20190710;174554;103.250000000;31
RU000A100JH0;0;20190710;174700;103.300000000;50
RU000A100JH0;0;20190710;174900;103.300000000;30
RU000A100JH0;0;20190710;175717;103.300000000;400
RU000A100JH0;0;20190710;175811;103.300000000;2
RU000A100JH0;0;20190710;180305;103.290000000;100
RU000A100JH0;0;20190710;180621;103.290000000;1
RU000A100JH0;0;20190710;180643;103.300000000;5
RU000A100JH0;0;20190710;180848;103.300000000;440
RU000A100JH0;0;20190710;181438;103.300000000;8
RU000A100JH0;0;20190710;182113;103.340000000;300
RU000A100JH0;0;20190710;182431;103.400000000;19
RU000A100JH0;0;20190710;182552;103.400000000;50
RU000A100JH0;0;20190710;182857;103.400000000;31
RU000A100JH0;0;20190710;182857;103.400000000;50
RU000A100JH0;0;20190710;183008;103.400000000;229
RU000A100JH0;0;20190710;183449;103.390000000;99
RU000A100JH0;0;20190710;183449;103.400000000;171
RU000A100JH0;0;20190710;183513;103.400000000;20
RU000A100JH0;0;20190710;184325;103.400000000;200
RU000A100JH0;0;20190711;100117;103.880000000;40
RU000A100JH0;0;20190711;100400;103.980000000;60
RU000A100JH0;0;20190711;100409;103.980000000;151
RU000A100JH0;0;20190711;100542;103.990000000;100
RU000A100JH0;0;20190711;100642;103.990000000;1
RU000A100JH0;0;20190711;100745;103.990000000;5
RU000A100JH0;0;20190711;100833;103.410000000;1
RU000A100JH0;0;20190711;101102;103.960000000;2
RU000A100JH0;0;20190711;101136;103.940000000;1
RU000A100JH0;0;20190711;101136;103.960000000;1
RU000A100JH0;0;20190711;101817;103.730000000;146
RU000A100JH0;0;20190711;101817;103.740000000;335
RU000A100JH0;0;20190711;102032;103.520000000;40
RU000A100JH0;0;20190711;102032;103.510000000;40
RU000A100JH0;0;20190711;102101;103.510000000;100
RU000A100JH0;0;20190711;102138;103.510000000;100
RU000A100JH0;0;20190711;102141;103.590000000;200
RU000A100JH0;0;20190711;102141;103.590000000;41
RU000A100JH0;0;20190711;102217;103.590000000;18
RU000A100JH0;0;20190711;102232;103.600000000;50
RU000A100JH0;0;20190711;102306;103.600000000;26
RU000A100JH0;0;20190711;102438;103.600000000;100
RU000A100JH0;0;20190711;102516;103.600000000;300
RU000A100JH0;0;20190711;102527;103.600000000;20
RU000A100JH0;0;20190711;102539;103.600000000;500
RU000A100JH0;0;20190711;102602;103.600000000;1004
RU000A100JH0;0;20190711;102726;103.650000000;100
RU000A100JH0;0;20190711;102810;103.650000000;2
RU000A100JH0;0;20190711;102852;103.650000000;36
RU000A100JH0;0;20190711;102900;103.650000000;100
RU000A100JH0;0;20190711;102910;103.650000000;50
RU000A100JH0;0;20190711;103001;103.650000000;10
RU000A100JH0;0;20190711;103059;103.650000000;106
RU000A100JH0;0;20190711;103131;103.650000000;50
RU000A100JH0;0;20190711;103239;103.650000000;100
RU000A100JH0;0;20190711;103636;103.650000000;14
RU000A100JH0;0;20190711;103953;103.650000000;50
RU000A100JH0;0;20190711;104202;103.650000000;13
RU000A100JH0;0;20190711;104202;103.650000000;4
RU000A100JH0;0;20190711;104202;103.650000000;22
RU000A100JH0;0;20190711;104202;103.650000000;4
RU000A100JH0;0;20190711;104202;103.650000000;15
RU000A100JH0;0;20190711;104205;103.650000000;5
RU000A100JH0;0;20190711;104236;103.650000000;8
RU000A100JH0;0;20190711;104236;103.650000000;2
RU000A100JH0;0;20190711;104236;103.650000000;13
RU000A100JH0;0;20190711;104236;103.650000000;2
RU000A100JH0;0;20190711;104236;103.650000000;4
RU000A100JH0;0;20190711;104256;103.650000000;8
RU000A100JH0;0;20190711;104256;103.650000000;2
RU000A100JH0;0;20190711;104256;103.650000000;13
RU000A100JH0;0;20190711;104256;103.650000000;3
RU000A100JH0;0;20190711;104256;103.650000000;4
RU000A100JH0;0;20190711;104313;103.650000000;24
RU000A100JH0;0;20190711;104313;103.650000000;6
RU000A100JH0;0;20190711;104313;103.650000000;2
RU000A100JH0;0;20190711;104313;103.650000000;70
RU000A100JH0;0;20190711;104313;103.650000000;4
RU000A100JH0;0;20190711;104313;103.650000000;6
RU000A100JH0;0;20190711;104313;103.650000000;1
RU000A100JH0;0;20190711;104313;103.650000000;8
RU000A100JH0;0;20190711;104313;103.650000000;34
RU000A100JH0;0;20190711;104313;103.650000000;3
RU000A100JH0;0;20190711;104313;103.650000000;1
RU000A100JH0;0;20190711;104313;103.650000000;22
RU000A100JH0;0;20190711;104313;103.650000000;4
RU000A100JH0;0;20190711;104313;103.650000000;4
RU000A100JH0;0;20190711;104313;103.650000000;2
RU000A100JH0;0;20190711;104313;103.650000000;2
RU000A100JH0;0;20190711;104313;103.650000000;7
RU000A100JH0;0;20190711;104313;103.650000000;26
RU000A100JH0;0;20190711;104313;103.650000000;2
RU000A100JH0;0;20190711;104313;103.650000000;1
RU000A100JH0;0;20190711;104313;103.650000000;2
RU000A100JH0;0;20190711;104313;103.650000000;3
RU000A100JH0;0;20190711;104313;103.650000000;5
RU000A100JH0;0;20190711;104313;103.650000000;3
RU000A100JH0;0;20190711;104313;103.650000000;2
RU000A100JH0;0;20190711;104313;103.650000000;2
RU000A100JH0;0;20190711;104313;103.650000000;5
RU000A100JH0;0;20190711;104313;103.650000000;13
RU000A100JH0;0;20190711;104313;103.650000000;5
RU000A100JH0;0;20190711;104313;103.650000000;5
RU000A100JH0;0;20190711;104313;103.650000000;23
RU000A100JH0;0;20190711;104313;103.650000000;3
RU000A100JH0;0;20190711;104313;103.650000000;2
RU000A100JH0;0;20190711;104313;103.650000000;2
RU000A100JH0;0;20190711;104313;103.650000000;2
RU000A100JH0;0;20190711;104322;103.650000000;100
RU000A100JH0;0;20190711;104327;103.650000000;5
RU000A100JH0;0;20190711;104327;103.650000000;8
RU000A100JH0;0;20190711;104327;103.650000000;2
RU000A100JH0;0;20190711;104327;103.650000000;5
RU000A100JH0;0;20190711;104327;103.650000000;13
RU000A100JH0;0;20190711;104341;103.650000000;9
RU000A100JH0;0;20190711;104341;103.650000000;9
RU000A100JH0;0;20190711;104359;103.650000000;8
RU000A100JH0;0;20190711;104403;103.650000000;46
RU000A100JH0;0;20190711;104416;103.650000000;1
RU000A100JH0;0;20190711;104416;103.650000000;1
RU000A100JH0;0;20190711;104416;103.650000000;1
RU000A100JH0;0;20190711;104416;103.650000000;5
RU000A100JH0;0;20190711;104416;103.650000000;4
RU000A100JH0;0;20190711;104416;103.650000000;2
RU000A100JH0;0;20190711;104416;103.650000000;2
RU000A100JH0;0;20190711;104416;103.650000000;2
RU000A100JH0;0;20190711;104416;103.650000000;1
RU000A100JH0;0;20190711;104417;103.650000000;5
RU000A100JH0;0;20190711;104417;103.650000000;43
RU000A100JH0;0;20190711;104417;103.650000000;2
RU000A100JH0;0;20190711;104417;103.650000000;2
RU000A100JH0;0;20190711;104417;103.650000000;1
RU000A100JH0;0;20190711;104417;103.650000000;2
RU000A100JH0;0;20190711;104417;103.650000000;2
RU000A100JH0;0;20190711;104420;103.650000000;100
RU000A100JH0;0;20190711;104445;103.630000000;55
RU000A100JH0;0;20190711;104445;103.650000000;45
RU000A100JH0;0;20190711;104913;103.650000000;43
RU000A100JH0;0;20190711;105226;103.650000000;1
RU000A100JH0;0;20190711;105302;103.650000000;3
RU000A100JH0;0;20190711;105551;103.650000000;250
RU000A100JH0;0;20190711;105632;103.650000000;200
RU000A100JH0;0;20190711;105755;103.650000000;964
RU000A100JH0;0;20190711;105806;103.650000000;50
RU000A100JH0;0;20190711;105838;103.620000000;2
RU000A100JH0;0;20190711;105838;103.620000000;2
RU000A100JH0;0;20190711;105838;103.620000000;1
RU000A100JH0;0;20190711;105838;103.620000000;4
RU000A100JH0;0;20190711;105838;103.610000000;1
RU000A100JH0;0;20190711;105838;103.610000000;100
RU000A100JH0;0;20190711;105838;103.610000000;5
RU000A100JH0;0;20190711;105838;103.600000000;50
RU000A100JH0;0;20190711;105838;103.600000000;2
RU000A100JH0;0;20190711;105905;103.600000000;50
RU000A100JH0;0;20190711;110318;103.600000000;15
RU000A100JH0;0;20190711;110552;103.600000000;1
RU000A100JH0;0;20190711;110702;103.600000000;5
RU000A100JH0;0;20190711;111523;103.600000000;90
RU000A100JH0;0;20190711;111621;103.600000000;80
RU000A100JH0;0;20190711;112150;103.600000000;5
RU000A100JH0;0;20190711;112638;103.600000000;5
RU000A100JH0;0;20190711;112815;103.600000000;9
RU000A100JH0;0;20190711;113002;103.600000000;97
RU000A100JH0;0;20190711;113257;103.600000000;10
RU000A100JH0;0;20190711;113816;103.600000000;250
RU000A100JH0;0;20190711;113835;103.600000000;2
RU000A100JH0;0;20190711;113940;103.600000000;100
RU000A100JH0;0;20190711;113946;103.600000000;250
RU000A100JH0;0;20190711;114052;103.600000000;20
RU000A100JH0;0;20190711;114440;103.600000000;30
RU000A100JH0;0;20190711;114649;103.600000000;30
RU000A100JH0;0;20190711;115155;103.600000000;20
RU000A100JH0;0;20190711;115447;103.600000000;292
RU000A100JH0;0;20190711;115508;103.600000000;852
RU000A100JH0;0;20190711;120632;103.650000000;10
RU000A100JH0;0;20190711;120905;103.630000000;200
RU000A100JH0;0;20190711;120905;103.620000000;8
RU000A100JH0;0;20190711;120905;103.610000000;300
RU000A100JH0;0;20190711;120905;103.610000000;150
RU000A100JH0;0;20190711;120905;103.600000000;106
RU000A100JH0;0;20190711;120905;103.600000000;200
RU000A100JH0;0;20190711;120905;103.600000000;30
RU000A100JH0;0;20190711;120910;103.600000000;1
RU000A100JH0;0;20190711;121016;103.600000000;400
RU000A100JH0;0;20190711;121630;103.600000000;20
RU000A100JH0;0;20190711;121833;103.600000000;20
RU000A100JH0;0;20190711;121903;103.600000000;500
RU000A100JH0;0;20190711;122020;103.600000000;65
RU000A100JH0;0;20190711;123908;103.650000000;7
RU000A100JH0;0;20190711;123908;103.740000000;93
RU000A100JH0;0;20190711;124017;103.740000000;7
RU000A100JH0;0;20190711;124125;103.740000000;20
RU000A100JH0;0;20190711;124625;103.740000000;4
RU000A100JH0;0;20190711;124733;103.600000000;800
RU000A100JH0;0;20190711;124733;103.570000000;19
RU000A100JH0;0;20190711;124733;103.560000000;20
RU000A100JH0;0;20190711;124733;103.560000000;150
RU000A100JH0;0;20190711;124733;103.550000000;25
RU000A100JH0;0;20190711;124733;103.550000000;50
RU000A100JH0;0;20190711;124733;103.550000000;10
RU000A100JH0;0;20190711;124733;103.540000000;10
RU000A100JH0;0;20190711;124733;103.520000000;200
RU000A100JH0;0;20190711;124733;103.510000000;160
RU000A100JH0;0;20190711;124733;103.500000000;50
RU000A100JH0;0;20190711;124733;103.500000000;20
RU000A100JH0;0;20190711;124733;103.500000000;21
RU000A100JH0;0;20190711;124733;103.500000000;2
RU000A100JH0;0;20190711;124733;103.500000000;3
RU000A100JH0;0;20190711;124821;103.500000000;1
RU000A100JH0;0;20190711;124909;103.500000000;1
RU000A100JH0;0;20190711;125215;103.500000000;1
RU000A100JH0;0;20190711;125431;103.500000000;300
RU000A100JH0;0;20190711;125441;103.500000000;289
RU000A100JH0;0;20190711;125531;103.480000000;10
RU000A100JH0;0;20190711;125531;103.440000000;1
RU000A100JH0;0;20190711;125531;103.410000000;30
RU000A100JH0;0;20190711;125531;103.400000000;100
RU000A100JH0;0;20190711;125531;103.400000000;21
RU000A100JH0;0;20190711;125531;103.400000000;1
RU000A100JH0;0;20190711;125549;103.400000000;238
RU000A100JH0;0;20190711;125605;103.400000000;1
RU000A100JH0;0;20190711;131157;103.400000000;7
RU000A100JH0;0;20190711;131426;103.400000000;100
RU000A100JH0;0;20190711;131615;103.400000000;100
RU000A100JH0;0;20190711;132250;103.400000000;220
RU000A100JH0;0;20190711;132308;103.400000000;237
RU000A100JH0;0;20190711;132624;103.400000000;5
RU000A100JH0;0;20190711;133511;103.400000000;17
RU000A100JH0;0;20190711;133606;103.400000000;100
RU000A100JH0;0;20190711;133740;103.400000000;40
RU000A100JH0;0;20190711;134047;103.400000000;8
RU000A100JH0;0;20190711;134839;103.400000000;5
RU000A100JH0;0;20190711;135649;103.380000000;10
RU000A100JH0;0;20190711;135804;103.380000000;7
RU000A100JH0;0;20190711;135900;103.400000000;7
RU000A100JH0;0;20190711;140756;103.400000000;1
RU000A100JH0;0;20190711;140831;103.400000000;69
RU000A100JH0;0;20190711;142102;103.400000000;100
RU000A100JH0;0;20190711;142157;103.400000000;5
RU000A100JH0;0;20190711;142405;103.400000000;1
RU000A100JH0;0;20190711;142811;103.400000000;10
RU000A100JH0;0;20190711;142918;103.400000000;10
RU000A100JH0;0;20190711;143024;103.400000000;7
RU000A100JH0;0;20190711;143413;103.400000000;200
RU000A100JH0;0;20190711;143424;103.400000000;198
RU000A100JH0;0;20190711;143519;103.400000000;151
RU000A100JH0;0;20190711;144442;103.400000000;1
RU000A100JH0;0;20190711;145240;103.500000000;9
RU000A100JH0;0;20190711;145242;103.500000000;1
RU000A100JH0;0;20190711;145901;103.500000000;144
RU000A100JH0;0;20190711;145904;103.400000000;25
RU000A100JH0;0;20190711;150533;103.400000000;5
RU000A100JH0;0;20190711;150637;103.400000000;15
RU000A100JH0;0;20190711;151131;103.400000000;10
RU000A100JH0;0;20190711;151223;103.400000000;3
RU000A100JH0;0;20190711;151252;103.400000000;5
RU000A100JH0;0;20190711;151307;103.400000000;200
RU000A100JH0;0;20190711;151743;103.400000000;10
RU000A100JH0;0;20190711;151946;103.400000000;1727
RU000A100JH0;0;20190711;152057;103.500000000;3059
RU000A100JH0;0;20190711;153252;103.500000000;1
RU000A100JH0;0;20190711;155102;103.500000000;1
RU000A100JH0;0;20190711;155654;103.500000000;3000
RU000A100JH0;0;20190711;160041;103.550000000;2000
RU000A100JH0;0;20190711;163538;103.730000000;20
RU000A100JH0;0;20190711;165401;103.730000000;80
RU000A100JH0;0;20190711;165440;103.740000000;190
RU000A100JH0;0;20190711;165513;103.740000000;14
RU000A100JH0;0;20190711;171452;103.600000000;1
RU000A100JH0;0;20190711;172558;103.590000000;10
RU000A100JH0;0;20190711;172558;103.600000000;14
RU000A100JH0;0;20190711;173650;103.600000000;100
RU000A100JH0;0;20190711;173935;103.600000000;1885
RU000A100JH0;0;20190711;174007;103.600000000;115
RU000A100JH0;0;20190711;174013;103.600000000;200
RU000A100JH0;0;20190711;174107;103.600000000;100
RU000A100JH0;0;20190711;174221;103.600000000;100
RU000A100JH0;0;20190711;174501;103.600000000;100
RU000A100JH0;0;20190711;174739;103.600000000;50
RU000A100JH0;0;20190711;174829;103.600000000;50
RU000A100JH0;0;20190711;175104;103.580000000;10
RU000A100JH0;0;20190711;175246;103.600000000;50
RU000A100JH0;0;20190711;175325;103.600000000;40
RU000A100JH0;0;20190711;175355;103.600000000;10
RU000A100JH0;0;20190711;175355;103.580000000;490
RU000A100JH0;0;20190711;175355;103.560000000;5
RU000A100JH0;0;20190711;175355;103.560000000;77
RU000A100JH0;0;20190711;175355;103.560000000;10
RU000A100JH0;0;20190711;175355;103.550000000;2
RU000A100JH0;0;20190711;175355;103.550000000;5
RU000A100JH0;0;20190711;175355;103.550000000;289
RU000A100JH0;0;20190711;175414;103.500000000;100
RU000A100JH0;0;20190711;175517;103.500000000;123
RU000A100JH0;0;20190711;175616;103.500000000;200
RU000A100JH0;0;20190711;175723;103.500000000;9
RU000A100JH0;0;20190711;175826;103.500000000;500
RU000A100JH0;0;20190711;175909;103.500000000;100
RU000A100JH0;0;20190711;180040;103.500000000;50
RU000A100JH0;0;20190711;180733;103.500000000;19
RU000A100JH0;0;20190711;180806;103.500000000;4
RU000A100JH0;0;20190711;180820;103.500000000;1
RU000A100JH0;0;20190711;180852;103.500000000;2
RU000A100JH0;0;20190711;180913;103.500000000;17
RU000A100JH0;0;20190711;180937;103.450000000;68
RU000A100JH0;0;20190711;180937;103.450000000;29
RU000A100JH0;0;20190711;180948;103.440000000;20
RU000A100JH0;0;20190711;180948;103.440000000;10
RU000A100JH0;0;20190711;181030;103.440000000;20
RU000A100JH0;0;20190711;181834;103.450000000;100
RU000A100JH0;0;20190711;182130;103.450000000;100
RU000A100JH0;0;20190711;183010;103.400000000;130
RU000A100JH0;0;20190711;183010;103.400000000;2
RU000A100JH0;0;20190711;183010;103.400000000;1
RU000A100JH0;0;20190711;183106;103.400000000;144
RU000A100JH0;0;20190711;183547;103.400000000;100
RU000A100JH0;0;20190711;184050;103.400000000;50
RU000A100JH0;0;20190711;184135;103.400000000;100
RU000A100JH0;0;20190712;101542;103.740000000;14
RU000A100JH0;0;20190712;101805;103.500000000;10
RU000A100JH0;0;20190712;103008;103.490000000;15
RU000A100JH0;0;20190712;103227;103.490000000;1
RU000A100JH0;0;20190712;105606;103.420000000;94
RU000A100JH0;0;20190712;105606;103.400000000;30
RU000A100JH0;0;20190712;105606;103.400000000;1
RU000A100JH0;0;20190712;105606;103.400000000;4
RU000A100JH0;0;20190712;105606;103.360000000;5
RU000A100JH0;0;20190712;105606;103.350000000;2100
RU000A100JH0;0;20190712;110705;103.350000000;50
RU000A100JH0;0;20190712;111621;103.350000000;50
RU000A100JH0;0;20190712;111726;103.350000000;8
RU000A100JH0;0;20190712;112007;103.300000000;2
RU000A100JH0;0;20190712;112136;103.350000000;3
RU000A100JH0;0;20190712;112614;103.350000000;6
RU000A100JH0;0;20190712;112618;103.350000000;1
RU000A100JH0;0;20190712;112647;103.350000000;5
RU000A100JH0;0;20190712;112916;103.350000000;2
RU000A100JH0;0;20190712;113158;103.350000000;4
RU000A100JH0;0;20190712;113238;103.350000000;2
RU000A100JH0;0;20190712;113411;103.350000000;100
RU000A100JH0;0;20190712;113710;103.350000000;400
RU000A100JH0;0;20190712;113743;103.350000000;20
RU000A100JH0;0;20190712;114534;103.350000000;100
RU000A100JH0;0;20190712;115121;103.350000000;103
RU000A100JH0;0;20190712;120450;103.490000000;25
RU000A100JH0;0;20190712;121153;103.490000000;50
RU000A100JH0;0;20190712;121618;103.490000000;2
RU000A100JH0;0;20190712;121911;103.490000000;1
RU000A100JH0;0;20190712;122027;103.490000000;21
RU000A100JH0;0;20190712;123120;103.490000000;85
RU000A100JH0;0;20190712;123151;103.500000000;1
RU000A100JH0;0;20190712;123156;103.490000000;10
RU000A100JH0;0;20190712;123613;103.500000000;1
RU000A100JH0;0;20190712;124424;103.500000000;1
RU000A100JH0;0;20190712;124456;103.500000000;4
RU000A100JH0;0;20190712;124536;103.500000000;1
RU000A100JH0;0;20190712;130045;103.500000000;1
RU000A100JH0;0;20190712;130705;103.500000000;1
RU000A100JH0;0;20190712;130850;103.490000000;262
RU000A100JH0;0;20190712;131037;103.500000000;19
RU000A100JH0;0;20190712;131345;103.500000000;47
RU000A100JH0;0;20190712;131924;103.500000000;200
RU000A100JH0;0;20190712;132237;103.500000000;128
RU000A100JH0;0;20190712;134113;103.500000000;4
RU000A100JH0;0;20190712;134707;103.500000000;1500
RU000A100JH0;0;20190712;135714;103.500000000;1
RU000A100JH0;0;20190712;135908;103.500000000;10
RU000A100JH0;0;20190712;141722;103.500000000;100
RU000A100JH0;0;20190712;142057;103.500000000;5
RU000A100JH0;0;20190712;142125;103.500000000;48
RU000A100JH0;0;20190712;142648;103.500000000;1
RU000A100JH0;0;20190712;144325;103.500000000;1
RU000A100JH0;0;20190712;144642;103.500000000;1
RU000A100JH0;0;20190712;144938;103.500000000;2000
RU000A100JH0;0;20190712;145640;103.500000000;27
RU000A100JH0;0;20190712;145700;103.500000000;1
RU000A100JH0;0;20190712;151048;103.500000000;30
RU000A100JH0;0;20190712;151100;103.500000000;100
RU000A100JH0;0;20190712;151553;103.500000000;100
RU000A100JH0;0;20190712;152021;103.500000000;19
RU000A100JH0;0;20190712;152117;103.500000000;1000
RU000A100JH0;0;20190712;152353;103.500000000;100
RU000A100JH0;0;20190712;152516;103.500000000;530
RU000A100JH0;0;20190712;152649;103.500000000;10
RU000A100JH0;0;20190712;152904;103.500000000;238
RU000A100JH0;0;20190712;153311;103.500000000;50
RU000A100JH0;0;20190712;153316;103.500000000;30
RU000A100JH0;0;20190712;153318;103.500000000;350
RU000A100JH0;0;20190712;153446;103.500000000;100
RU000A100JH0;0;20190712;153511;103.500000000;500
RU000A100JH0;0;20190712;153617;103.500000000;103
RU000A100JH0;0;20190712;153902;103.500000000;19
RU000A100JH0;0;20190712;154450;103.500000000;10
RU000A100JH0;0;20190712;154932;103.500000000;10
RU000A100JH0;0;20190712;155155;103.500000000;100
RU000A100JH0;0;20190712;155444;103.500000000;2000
RU000A100JH0;0;20190712;155633;103.500000000;1
RU000A100JH0;0;20190712;160023;103.490000000;1
RU000A100JH0;0;20190712;160312;103.500000000;97
RU000A100JH0;0;20190712;161124;103.500000000;53
RU000A100JH0;0;20190712;161221;103.490000000;20
RU000A100JH0;0;20190712;161830;103.500000000;6
RU000A100JH0;0;20190712;161944;103.500000000;19
RU000A100JH0;0;20190712;162159;103.500000000;10
RU000A100JH0;0;20190712;162240;103.500000000;30
RU000A100JH0;0;20190712;162242;103.500000000;2
RU000A100JH0;0;20190712;162428;103.500000000;5
RU000A100JH0;0;20190712;162453;103.500000000;1
RU000A100JH0;0;20190712;162559;103.500000000;70
RU000A100JH0;0;20190712;163028;103.500000000;20
RU000A100JH0;0;20190712;163225;103.500000000;54
RU000A100JH0;0;20190712;163446;103.500000000;100
RU000A100JH0;0;20190712;164034;103.500000000;10
RU000A100JH0;0;20190712;164154;103.500000000;52
RU000A100JH0;0;20190712;164210;103.500000000;30
RU000A100JH0;0;20190712;164357;103.500000000;38
RU000A100JH0;0;20190712;164709;103.500000000;10
RU000A100JH0;0;20190712;164850;103.500000000;10
RU000A100JH0;0;20190712;165315;103.500000000;5
RU000A100JH0;0;20190712;165501;103.500000000;1
RU000A100JH0;0;20190712;165854;103.500000000;71
RU000A100JH0;0;20190712;170048;103.500000000;1
RU000A100JH0;0;20190712;170341;103.500000000;200
RU000A100JH0;0;20190712;170948;103.500000000;20
RU000A100JH0;0;20190712;172043;103.500000000;38
RU000A100JH0;0;20190712;172254;103.500000000;29
RU000A100JH0;0;20190712;172255;103.500000000;100
RU000A100JH0;0;20190712;172727;103.500000000;200
RU000A100JH0;0;20190712;172738;103.500000000;10
RU000A100JH0;0;20190712;173307;103.500000000;25
RU000A100JH0;0;20190712;173416;103.500000000;10
RU000A100JH0;0;20190712;173451;103.500000000;54
RU000A100JH0;0;20190712;173638;103.500000000;1
RU000A100JH0;0;20190712;173713;103.500000000;10
RU000A100JH0;0;20190712;173906;103.500000000;50
RU000A100JH0;0;20190712;174222;103.500000000;3
RU000A100JH0;0;20190712;174448;103.500000000;40
RU000A100JH0;0;20190712;174558;103.500000000;481
RU000A100JH0;0;20190712;174632;103.500000000;80
RU000A100JH0;0;20190712;174729;103.500000000;200
RU000A100JH0;0;20190712;175112;103.500000000;4
RU000A100JH0;0;20190712;175112;103.500000000;3
RU000A100JH0;0;20190712;175112;103.500000000;5
RU000A100JH0;0;20190712;175112;103.500000000;3
RU000A100JH0;0;20190712;175112;103.500000000;5
RU000A100JH0;0;20190712;175112;103.500000000;8
RU000A100JH0;0;20190712;175112;103.500000000;4
RU000A100JH0;0;20190712;175112;103.500000000;2
RU000A100JH0;0;20190712;175112;103.500000000;81
RU000A100JH0;0;20190712;175112;103.500000000;5
RU000A100JH0;0;20190712;175134;103.500000000;1
RU000A100JH0;0;20190712;175134;103.500000000;6
RU000A100JH0;0;20190712;175134;103.500000000;3
RU000A100JH0;0;20190712;175349;103.500000000;50
RU000A100JH0;0;20190712;175418;103.500000000;10
RU000A100JH0;0;20190712;175925;103.500000000;4
RU000A100JH0;0;20190712;180436;103.500000000;165
RU000A100JH0;0;20190712;180605;103.500000000;50
RU000A100JH0;0;20190712;180819;103.500000000;1
RU000A100JH0;0;20190712;181129;103.500000000;3
RU000A100JH0;0;20190712;181213;103.500000000;98
RU000A100JH0;0;20190712;181523;103.500000000;10
RU000A100JH0;0;20190712;181653;103.500000000;30
RU000A100JH0;0;20190712;181740;103.500000000;10
RU000A100JH0;0;20190712;181741;103.500000000;2
RU000A100JH0;0;20190712;182135;103.500000000;105
RU000A100JH0;0;20190712;182301;103.500000000;5
RU000A100JH0;0;20190712;182551;103.500000000;20
RU000A100JH0;0;20190712;182649;103.500000000;25
RU000A100JH0;0;20190712;183229;103.500000000;1000
RU000A100JH0;0;20190712;183241;103.500000000;500
RU000A100JH0;0;20190712;183253;103.500000000;13
RU000A100JH0;0;20190712;183800;103.500000000;9
RU000A100JH0;0;20190712;184108;103.500000000;100
RU000A100JH0;0;20190712;184422;103.500000000;82
RU000A100JH0;0;20190715;100831;103.720000000;1
RU000A100JH0;0;20190715;101213;103.720000000;99
RU000A100JH0;0;20190715;101213;103.730000000;30
RU000A100JH0;0;20190715;101213;103.750000000;371
RU000A100JH0;0;20190715;101215;103.750000000;10
RU000A100JH0;0;20190715;101231;103.750000000;2
RU000A100JH0;0;20190715;101725;103.740000000;2
RU000A100JH0;0;20190715;101904;103.740000000;98
RU000A100JH0;0;20190715;102040;103.750000000;50
RU000A100JH0;0;20190715;102128;103.750000000;500
RU000A100JH0;0;20190715;102149;103.740000000;2
RU000A100JH0;0;20190715;102149;103.700000000;1
RU000A100JH0;0;20190715;102149;103.700000000;3027
RU000A100JH0;0;20190715;102209;103.700000000;20
RU000A100JH0;0;20190715;102232;103.550000000;1
RU000A100JH0;0;20190715;103146;103.690000000;3
RU000A100JH0;0;20190715;103223;103.690000000;27
RU000A100JH0;0;20190715;103244;103.700000000;950
RU000A100JH0;0;20190715;103613;103.750000000;2
RU000A100JH0;0;20190715;103743;103.750000000;8
RU000A100JH0;0;20190715;103848;103.700000000;5
RU000A100JH0;0;20190715;103859;103.750000000;4
RU000A100JH0;0;20190715;104740;103.700000000;45
RU000A100JH0;0;20190715;104820;103.700000000;13
RU000A100JH0;0;20190715;104857;103.700000000;5
RU000A100JH0;0;20190715;105157;103.700000000;6
RU000A100JH0;0;20190715;105238;103.700000000;1
RU000A100JH0;0;20190715;105241;103.700000000;1
RU000A100JH0;0;20190715;105504;103.700000000;100
RU000A100JH0;0;20190715;105530;103.690000000;5
RU000A100JH0;0;20190715;105624;103.690000000;4
RU000A100JH0;0;20190715;110015;103.700000000;46
RU000A100JH0;0;20190715;110101;103.700000000;1
RU000A100JH0;0;20190715;110219;103.700000000;2
RU000A100JH0;0;20190715;110523;103.700000000;10
RU000A100JH0;0;20190715;110813;103.700000000;48
RU000A100JH0;0;20190715;111724;103.700000000;100
RU000A100JH0;0;20190715;111757;103.700000000;50
RU000A100JH0;0;20190715;112605;103.650000000;23
RU000A100JH0;0;20190715;112605;103.650000000;100
RU000A100JH0;0;20190715;112605;103.650000000;100
RU000A100JH0;0;20190715;112605;103.650000000;160
RU000A100JH0;0;20190715;112605;103.600000000;30
RU000A100JH0;0;20190715;112605;103.560000000;20
RU000A100JH0;0;20190715;112605;103.560000000;50
RU000A100JH0;0;20190715;112605;103.550000000;7
RU000A100JH0;0;20190715;112605;103.510000000;5
RU000A100JH0;0;20190715;112605;103.510000000;10
RU000A100JH0;0;20190715;112605;103.510000000;40
RU000A100JH0;0;20190715;112605;103.510000000;20
RU000A100JH0;0;20190715;112605;103.500000000;30
RU000A100JH0;0;20190715;112605;103.500000000;40
RU000A100JH0;0;20190715;112605;103.500000000;50
RU000A100JH0;0;20190715;112605;103.500000000;2
RU000A100JH0;0;20190715;112605;103.500000000;10
RU000A100JH0;0;20190715;112719;103.500000000;30
RU000A100JH0;0;20190715;112937;103.450000000;10
RU000A100JH0;0;20190715;114810;103.490000000;2
RU000A100JH0;0;20190715;114923;103.490000000;28
RU000A100JH0;0;20190715;121141;103.500000000;75
RU000A100JH0;0;20190715;121237;103.490000000;72
RU000A100JH0;0;20190715;121318;103.490000000;3
RU000A100JH0;0;20190715;121349;103.500000000;75
RU000A100JH0;0;20190715;121630;103.500000000;10
RU000A100JH0;0;20190715;122304;103.500000000;60
RU000A100JH0;0;20190715;122701;103.500000000;15
RU000A100JH0;0;20190715;122835;103.500000000;500
RU000A100JH0;0;20190715;122856;103.500000000;2
RU000A100JH0;0;20190715;123013;103.500000000;10
RU000A100JH0;0;20190715;123555;103.500000000;10
RU000A100JH0;0;20190715;123814;103.500000000;7
RU000A100JH0;0;20190715;125154;103.500000000;1
RU000A100JH0;0;20190715;125328;103.500000000;1
RU000A100JH0;0;20190715;125620;103.500000000;2
RU000A100JH0;0;20190715;125735;103.500000000;91
RU000A100JH0;0;20190715;130054;103.500000000;4
RU000A100JH0;0;20190715;130521;103.450000000;5
RU000A100JH0;0;20190715;131433;103.500000000;131
RU000A100JH0;0;20190715;131620;103.500000000;7
RU000A100JH0;0;20190715;131707;103.500000000;5
RU000A100JH0;0;20190715;132701;103.490000000;17
RU000A100JH0;0;20190715;132759;103.490000000;1
RU000A100JH0;0;20190715;132954;103.490000000;9
RU000A100JH0;0;20190715;133409;103.490000000;2
RU000A100JH0;0;20190715;133505;103.490000000;3
RU000A100JH0;0;20190715;133705;103.490000000;5
RU000A100JH0;0;20190715;134057;103.490000000;5
RU000A100JH0;0;20190715;134119;103.460000000;4
RU000A100JH0;0;20190715;134307;103.490000000;1
RU000A100JH0;0;20190715;134446;103.490000000;5
RU000A100JH0;0;20190715;134528;103.490000000;6
RU000A100JH0;0;20190715;135059;103.490000000;1
RU000A100JH0;0;20190715;135109;103.490000000;1
RU000A100JH0;0;20190715;135110;103.490000000;444
RU000A100JH0;0;20190715;135110;103.500000000;396
RU000A100JH0;0;20190715;135617;103.500000000;99
RU000A100JH0;0;20190715;140200;103.500000000;6
RU000A100JH0;0;20190715;141503;103.500000000;289
RU000A100JH0;0;20190715;141532;103.500000000;19
RU000A100JH0;0;20190715;141646;103.500000000;100
RU000A100JH0;0;20190715;142032;103.470000000;410
RU000A100JH0;0;20190715;142032;103.460000000;6
RU000A100JH0;0;20190715;142032;103.460000000;84
RU000A100JH0;0;20190715;143544;103.500000000;10
RU000A100JH0;0;20190715;144153;103.500000000;3
RU000A100JH0;0;20190715;144905;103.490000000;19
RU000A100JH0;0;20190715;145306;103.490000000;3
RU000A100JH0;0;20190715;145352;103.480000000;3
RU000A100JH0;0;20190715;145922;103.490000000;191
RU000A100JH0;0;20190715;150026;103.490000000;20
RU000A100JH0;0;20190715;151945;103.500000000;1
RU000A100JH0;0;20190715;152508;103.500000000;100
RU000A100JH0;0;20190715;153328;103.500000000;100
RU000A100JH0;0;20190715;153712;103.500000000;22
RU000A100JH0;0;20190715;153734;103.500000000;150
RU000A100JH0;0;20190715;153734;103.500000000;150
RU000A100JH0;0;20190715;153734;103.500000000;1800
RU000A100JH0;0;20190715;153734;103.500000000;250
RU000A100JH0;0;20190715;153734;103.500000000;550
RU000A100JH0;0;20190715;153734;103.500000000;200
RU000A100JH0;0;20190715;153735;103.500000000;100
RU000A100JH0;0;20190715;153735;103.500000000;850
RU000A100JH0;0;20190715;153735;103.500000000;1150
RU000A100JH0;0;20190715;153735;103.500000000;100
RU000A100JH0;0;20190715;153735;103.500000000;700
RU000A100JH0;0;20190715;153735;103.500000000;800
RU000A100JH0;0;20190715;153735;103.500000000;600
RU000A100JH0;0;20190715;153735;103.500000000;550
RU000A100JH0;0;20190715;153735;103.500000000;700
RU000A100JH0;0;20190715;153735;103.500000000;250
RU000A100JH0;0;20190715;153735;103.500000000;250
RU000A100JH0;0;20190715;153735;103.500000000;450
RU000A100JH0;0;20190715;153735;103.500000000;150
RU000A100JH0;0;20190715;153735;103.500000000;500
RU000A100JH0;0;20190715;153735;103.500000000;200
RU000A100JH0;0;20190715;153735;103.500000000;550
RU000A100JH0;0;20190715;153735;103.500000000;200
RU000A100JH0;0;20190715;153735;103.500000000;200
RU000A100JH0;0;20190715;153735;103.500000000;150
RU000A100JH0;0;20190715;153735;103.500000000;100
RU000A100JH0;0;20190715;153735;103.500000000;200
RU000A100JH0;0;20190715;153736;103.500000000;800
RU000A100JH0;0;20190715;153736;103.500000000;50
RU000A100JH0;0;20190715;153736;103.500000000;150
RU000A100JH0;0;20190715;153736;103.500000000;100
RU000A100JH0;0;20190715;153736;103.500000000;300
RU000A100JH0;0;20190715;153736;103.500000000;300
RU000A100JH0;0;20190715;153736;103.500000000;100
RU000A100JH0;0;20190715;153736;103.500000000;400
RU000A100JH0;0;20190715;153736;103.500000000;250
RU000A100JH0;0;20190715;153736;103.500000000;100
RU000A100JH0;0;20190715;153736;103.500000000;650
RU000A100JH0;0;20190715;153736;103.500000000;450
RU000A100JH0;0;20190715;153736;103.500000000;250
RU000A100JH0;0;20190715;153736;103.500000000;200
RU000A100JH0;0;20190715;153736;103.500000000;500
RU000A100JH0;0;20190715;153736;103.500000000;500
RU000A100JH0;0;20190715;153736;103.500000000;200
RU000A100JH0;0;20190715;153736;103.500000000;50
RU000A100JH0;0;20190715;153736;103.500000000;50
RU000A100JH0;0;20190715;153736;103.500000000;300
RU000A100JH0;0;20190715;153736;103.500000000;250
RU000A100JH0;0;20190715;153736;103.500000000;800
RU000A100JH0;0;20190715;153736;103.500000000;200
RU000A100JH0;0;20190715;153736;103.500000000;250
RU000A100JH0;0;20190715;153736;103.500000000;150
RU000A100JH0;0;20190715;153736;103.500000000;50
RU000A100JH0;0;20190715;153736;103.500000000;1250
RU000A100JH0;0;20190715;153736;103.500000000;150
RU000A100JH0;0;20190715;153736;103.500000000;1472
RU000A100JH0;0;20190715;153736;103.500000000;300
RU000A100JH0;0;20190715;153736;103.500000000;1128
RU000A100JH0;0;20190715;153736;103.500000000;250
RU000A100JH0;0;20190715;153736;103.500000000;1550
RU000A100JH0;0;20190715;153736;103.500000000;100
RU000A100JH0;0;20190715;153736;103.500000000;250
RU000A100JH0;0;20190715;153736;103.500000000;922
RU000A100JH0;0;20190715;154031;103.700000000;5
RU000A100JH0;0;20190715;154059;103.700000000;2
RU000A100JH0;0;20190715;154138;103.700000000;20
RU000A100JH0;0;20190715;154420;103.700000000;127
RU000A100JH0;0;20190715;155538;103.700000000;2
RU000A100JH0;0;20190715;161403;103.700000000;21
RU000A100JH0;0;20190715;163106;103.510000000;30
RU000A100JH0;0;20190715;163106;103.510000000;100
RU000A100JH0;0;20190715;163106;103.510000000;100
RU000A100JH0;0;20190715;163106;103.510000000;200
RU000A100JH0;0;20190715;163106;103.510000000;7
RU000A100JH0;0;20190715;163106;103.500000000;578
RU000A100JH0;0;20190715;163106;103.500000000;150
RU000A100JH0;0;20190715;163106;103.500000000;450
RU000A100JH0;0;20190715;163106;103.500000000;1200
RU000A100JH0;0;20190715;163106;103.500000000;150
RU000A100JH0;0;20190715;163106;103.500000000;3000
RU000A100JH0;0;20190715;163106;103.500000000;150
RU000A100JH0;0;20190715;163106;103.500000000;600
RU000A100JH0;0;20190715;163106;103.500000000;650
RU000A100JH0;0;20190715;163106;103.500000000;150
RU000A100JH0;0;20190715;163106;103.500000000;500
RU000A100JH0;0;20190715;163106;103.500000000;750
RU000A100JH0;0;20190715;163106;103.500000000;400
RU000A100JH0;0;20190715;163106;103.500000000;900
RU000A100JH0;0;20190715;163106;103.500000000;2400
RU000A100JH0;0;20190715;163106;103.500000000;1900
RU000A100JH0;0;20190715;163106;103.500000000;200
RU000A100JH0;0;20190715;163106;103.500000000;230
RU000A100JH0;0;20190715;163106;103.500000000;60
RU000A100JH0;0;20190715;163106;103.500000000;1
RU000A100JH0;0;20190715;163425;103.500000000;144
RU000A100JH0;0;20190715;163535;103.700000000;10
RU000A100JH0;0;20190715;163718;103.700000000;157
RU000A100JH0;0;20190715;163845;103.740000000;199
RU000A100JH0;0;20190715;164226;103.740000000;5
RU000A100JH0;0;20190715;164235;103.740000000;5
RU000A100JH0;0;20190715;164326;103.740000000;38
RU000A100JH0;0;20190715;164359;103.740000000;3
RU000A100JH0;0;20190715;170019;103.700000000;480
RU000A100JH0;0;20190715;170241;103.700000000;1
RU000A100JH0;0;20190715;170859;103.700000000;5
RU000A100JH0;0;20190715;172022;103.700000000;87
RU000A100JH0;0;20190715;173044;103.690000000;10
RU000A100JH0;0;20190715;173605;103.690000000;6
RU000A100JH0;0;20190715;173614;103.650000000;50
RU000A100JH0;0;20190715;173822;103.690000000;4
RU000A100JH0;0;20190715;174304;103.600000000;1000
RU000A100JH0;0;20190715;174831;103.600000000;14
RU000A100JH0;0;20190715;175253;103.520000000;2
RU000A100JH0;0;20190715;181626;103.600000000;5
RU000A100JH0;0;20190715;182336;103.600000000;5
RU000A100JH0;0;20190715;183753;103.600000000;25
RU000A100JH0;0;20190716;101325;103.620000000;1
RU000A100JH0;0;20190716;101325;103.620000000;1
RU000A100JH0;0;20190716;102014;103.620000000;50
RU000A100JH0;0;20190716;104310;103.560000000;30
RU000A100JH0;0;20190716;104310;103.560000000;5
RU000A100JH0;0;20190716;104310;103.560000000;50
RU000A100JH0;0;20190716;104310;103.560000000;50
RU000A100JH0;0;20190716;104310;103.550000000;36
RU000A100JH0;0;20190716;104310;103.550000000;91
RU000A100JH0;0;20190716;104310;103.550000000;12
RU000A100JH0;0;20190716;104310;103.550000000;4
RU000A100JH0;0;20190716;104310;103.550000000;4
RU000A100JH0;0;20190716;104310;103.550000000;17
RU000A100JH0;0;20190716;104310;103.550000000;5
RU000A100JH0;0;20190716;104310;103.550000000;3
RU000A100JH0;0;20190716;104310;103.550000000;5
RU000A100JH0;0;20190716;104310;103.550000000;15
RU000A100JH0;0;20190716;104310;103.550000000;44
RU000A100JH0;0;20190716;104310;103.550000000;4
RU000A100JH0;0;20190716;104310;103.550000000;4
RU000A100JH0;0;20190716;104310;103.550000000;157
RU000A100JH0;0;20190716;104310;103.550000000;10
RU000A100JH0;0;20190716;104310;103.550000000;22
RU000A100JH0;0;20190716;104310;103.550000000;19
RU000A100JH0;0;20190716;104310;103.550000000;12
RU000A100JH0;0;20190716;104310;103.550000000;10
RU000A100JH0;0;20190716;104310;103.550000000;29
RU000A100JH0;0;20190716;104310;103.550000000;113
RU000A100JH0;0;20190716;104310;103.550000000;6
RU000A100JH0;0;20190716;104310;103.550000000;72
RU000A100JH0;0;20190716;104310;103.550000000;47
RU000A100JH0;0;20190716;104310;103.550000000;15
RU000A100JH0;0;20190716;104310;103.550000000;9
RU000A100JH0;0;20190716;104310;103.550000000;15
RU000A100JH0;0;20190716;104310;103.550000000;7
RU000A100JH0;0;20190716;104310;103.550000000;7
RU000A100JH0;0;20190716;104310;103.550000000;86
RU000A100JH0;0;20190716;104310;103.550000000;5
RU000A100JH0;0;20190716;104310;103.550000000;5
RU000A100JH0;0;20190716;104310;103.550000000;8
RU000A100JH0;0;20190716;104310;103.550000000;8
RU000A100JH0;0;20190716;104310;103.550000000;18
RU000A100JH0;0;20190716;104310;103.550000000;10
RU000A100JH0;0;20190716;104310;103.550000000;8
RU000A100JH0;0;20190716;104310;103.550000000;8
RU000A100JH0;0;20190716;104310;103.550000000;17
RU000A100JH0;0;20190716;104310;103.550000000;25
RU000A100JH0;0;20190716;104310;103.550000000;10
RU000A100JH0;0;20190716;104310;103.550000000;14
RU000A100JH0;0;20190716;104310;103.550000000;15
RU000A100JH0;0;20190716;104310;103.550000000;85
RU000A100JH0;0;20190716;104310;103.550000000;6
RU000A100JH0;0;20190716;104310;103.550000000;8
RU000A100JH0;0;20190716;104310;103.550000000;10
RU000A100JH0;0;20190716;104310;103.550000000;11
RU000A100JH0;0;20190716;104310;103.550000000;9
RU000A100JH0;0;20190716;104310;103.550000000;8
RU000A100JH0;0;20190716;104310;103.550000000;9
RU000A100JH0;0;20190716;104310;103.550000000;7
RU000A100JH0;0;20190716;104310;103.550000000;5
RU000A100JH0;0;20190716;104310;103.550000000;18
RU000A100JH0;0;20190716;104310;103.550000000;15
RU000A100JH0;0;20190716;104310;103.550000000;11
RU000A100JH0;0;20190716;104310;103.550000000;331
RU000A100JH0;0;20190716;104310;103.550000000;50
RU000A100JH0;0;20190716;104310;103.510000000;1
RU000A100JH0;0;20190716;104310;103.500000000;250
RU000A100JH0;0;20190716;104358;103.620000000;76
RU000A100JH0;0;20190716;104432;103.610000000;2
RU000A100JH0;0;20190716;104520;103.610000000;5
RU000A100JH0;0;20190716;104711;103.610000000;1
RU000A100JH0;0;20190716;105508;103.610000000;15
RU000A100JH0;0;20190716;105709;103.610000000;2
RU000A100JH0;0;20190716;110359;103.600000000;250
RU000A100JH0;0;20190716;111134;103.600000000;1
RU000A100JH0;0;20190716;112401;103.600000000;400
RU000A100JH0;0;20190716;112443;103.600000000;1
RU000A100JH0;0;20190716;112626;103.600000000;3
RU000A100JH0;0;20190716;112708;103.600000000;1
RU000A100JH0;0;20190716;112738;103.600000000;9
RU000A100JH0;0;20190716;112808;103.600000000;1
RU000A100JH0;0;20190716;113411;103.520000000;1
RU000A100JH0;0;20190716;113657;103.600000000;80
RU000A100JH0;0;20190716;114104;103.600000000;1
RU000A100JH0;0;20190716;114550;103.600000000;8
RU000A100JH0;0;20190716;114751;103.600000000;400
RU000A100JH0;0;20190716;115358;103.600000000;2
RU000A100JH0;0;20190716;115441;103.600000000;1
RU000A100JH0;0;20190716;115725;103.550000000;5
RU000A100JH0;0;20190716;121203;103.550000000;6
RU000A100JH0;0;20190716;121803;103.550000000;1
RU000A100JH0;0;20190716;122019;103.550000000;1
RU000A100JH0;0;20190716;122653;103.550000000;100
RU000A100JH0;0;20190716;123757;103.550000000;6
RU000A100JH0;0;20190716;124126;103.550000000;1
RU000A100JH0;0;20190716;125007;103.550000000;6
RU000A100JH0;0;20190716;125207;103.550000000;1
RU000A100JH0;0;20190716;125354;103.520000000;25
RU000A100JH0;0;20190716;125354;103.520000000;2
RU000A100JH0;0;20190716;125354;103.520000000;5
RU000A100JH0;0;20190716;125354;103.520000000;2
RU000A100JH0;0;20190716;125354;103.510000000;50
RU000A100JH0;0;20190716;125354;103.500000000;56
RU000A100JH0;0;20190716;130228;103.550000000;12
RU000A100JH0;0;20190716;131210;103.510000000;1
RU000A100JH0;0;20190716;131210;103.510000000;5
RU000A100JH0;0;20190716;131210;103.510000000;1
RU000A100JH0;0;20190716;131210;103.500000000;191
RU000A100JH0;0;20190716;131210;103.500000000;1
RU000A100JH0;0;20190716;131210;103.500000000;50
RU000A100JH0;0;20190716;131210;103.500000000;100
RU000A100JH0;0;20190716;131210;103.500000000;1
RU000A100JH0;0;20190716;131210;103.500000000;10
RU000A100JH0;0;20190716;131210;103.500000000;162
RU000A100JH0;0;20190716;131210;103.500000000;1
RU000A100JH0;0;20190716;131210;103.500000000;1
RU000A100JH0;0;20190716;131415;103.500000000;1
RU000A100JH0;0;20190716;132529;103.500000000;302
RU000A100JH0;0;20190716;132938;103.500000000;40
RU000A100JH0;0;20190716;132940;103.500000000;400
RU000A100JH0;0;20190716;133203;103.500000000;20
RU000A100JH0;0;20190716;133224;103.500000000;30
RU000A100JH0;0;20190716;133721;103.500000000;683
RU000A100JH0;0;20190716;135009;103.500000000;3
RU000A100JH0;0;20190716;135223;103.500000000;450
RU000A100JH0;0;20190716;135239;103.500000000;100
RU000A100JH0;0;20190716;140730;103.540000000;4
RU000A100JH0;0;20190716;141717;103.540000000;1
RU000A100JH0;0;20190716;142658;103.540000000;5
RU000A100JH0;0;20190716;143858;103.540000000;3
RU000A100JH0;0;20190716;144007;103.540000000;1
RU000A100JH0;0;20190716;144444;103.540000000;20
RU000A100JH0;0;20190716;145334;103.540000000;1
RU000A100JH0;0;20190716;150312;103.510000000;8
RU000A100JH0;0;20190716;150312;103.510000000;100
RU000A100JH0;0;20190716;150312;103.500000000;399
RU000A100JH0;0;20190716;150312;103.500000000;410
RU000A100JH0;0;20190716;150356;103.500000000;964
RU000A100JH0;0;20190716;150549;103.500000000;11
RU000A100JH0;0;20190716;150840;103.500000000;100
RU000A100JH0;0;20190716;150949;103.500000000;8
RU000A100JH0;0;20190716;150949;103.540000000;15
RU000A100JH0;0;20190716;150949;103.550000000;177
RU000A100JH0;0;20190716;151415;103.550000000;1
RU000A100JH0;0;20190716;152207;103.550000000;183
RU000A100JH0;0;20190716;152207;103.550000000;40
RU000A100JH0;0;20190716;152207;103.590000000;13
RU000A100JH0;0;20190716;152436;103.590000000;7
RU000A100JH0;0;20190716;153817;103.550000000;73
RU000A100JH0;0;20190716;153817;103.590000000;5
RU000A100JH0;0;20190716;153852;103.590000000;2
RU000A100JH0;0;20190716;154255;103.590000000;23
RU000A100JH0;0;20190716;155856;103.590000000;70
RU000A100JH0;0;20190716;162106;103.590000000;55
RU000A100JH0;0;20190716;163040;103.590000000;10
RU000A100JH0;0;20190716;163508;103.590000000;20
RU000A100JH0;0;20190716;165005;103.590000000;5
RU000A100JH0;0;20190716;170605;103.590000000;200
RU000A100JH0;0;20190716;170751;103.590000000;100
RU000A100JH0;0;20190716;170923;103.590000000;134
RU000A100JH0;0;20190716;171045;103.590000000;270
RU000A100JH0;0;20190716;171045;103.590000000;111
RU000A100JH0;0;20190716;171045;103.600000000;3389
RU000A100JH0;0;20190716;171045;103.600000000;300
RU000A100JH0;0;20190716;171045;103.600000000;200
RU000A100JH0;0;20190716;171045;103.600000000;450
RU000A100JH0;0;20190716;171045;103.600000000;550
RU000A100JH0;0;20190716;171046;103.600000000;1250
RU000A100JH0;0;20190716;171046;103.600000000;500
RU000A100JH0;0;20190716;171046;103.600000000;1100
RU000A100JH0;0;20190716;171046;103.600000000;1250
RU000A100JH0;0;20190716;171046;103.600000000;900
RU000A100JH0;0;20190716;171046;103.600000000;1400
RU000A100JH0;0;20190716;171046;103.600000000;68
RU000A100JH0;0;20190716;171046;103.600000000;732
RU000A100JH0;0;20190716;171046;103.600000000;600
RU000A100JH0;0;20190716;171046;103.600000000;1200
RU000A100JH0;0;20190716;171046;103.600000000;2900
RU000A100JH0;0;20190716;171046;103.600000000;550
RU000A100JH0;0;20190716;171046;103.600000000;1150
RU000A100JH0;0;20190716;171046;103.600000000;600
RU000A100JH0;0;20190716;171046;103.600000000;750
RU000A100JH0;0;20190716;171046;103.600000000;950
RU000A100JH0;0;20190716;171046;103.600000000;950
RU000A100JH0;0;20190716;171046;103.600000000;500
RU000A100JH0;0;20190716;171311;103.600000000;200
RU000A100JH0;0;20190716;171648;103.600000000;10
RU000A100JH0;0;20190716;172245;103.600000000;500
RU000A100JH0;0;20190716;172634;103.600000000;12
RU000A100JH0;0;20190716;173400;103.600000000;1
RU000A100JH0;0;20190716;174623;103.600000000;300
RU000A100JH0;0;20190716;175135;103.600000000;95
RU000A100JH0;0;20190716;180032;103.550000000;5
RU000A100JH0;0;20190716;180032;103.550000000;1
RU000A100JH0;0;20190716;180032;103.510000000;10
RU000A100JH0;0;20190716;180032;103.510000000;100
RU000A100JH0;0;20190716;180032;103.510000000;5
RU000A100JH0;0;20190716;180032;103.500000000;42
RU000A100JH0;0;20190716;180032;103.500000000;3
RU000A100JH0;0;20190716;180032;103.500000000;296
RU000A100JH0;0;20190716;180032;103.500000000;20
RU000A100JH0;0;20190716;180032;103.500000000;96
RU000A100JH0;0;20190716;180032;103.500000000;1
RU000A100JH0;0;20190716;180040;103.500000000;300
RU000A100JH0;0;20190716;180050;103.500000000;150
RU000A100JH0;0;20190716;180215;103.500000000;114
RU000A100JH0;0;20190716;180231;103.500000000;100
RU000A100JH0;0;20190716;180332;103.500000000;50
RU000A100JH0;0;20190716;180430;103.500000000;1
RU000A100JH0;0;20190716;180440;103.500000000;1
RU000A100JH0;0;20190716;180441;103.500000000;1
RU000A100JH0;0;20190716;180638;103.500000000;704
RU000A100JH0;0;20190716;181836;103.610000000;100
RU000A100JH0;0;20190716;181953;103.610000000;25
RU000A100JH0;0;20190716;182214;103.610000000;75
RU000A100JH0;0;20190717;100821;103.690000000;6
RU000A100JH0;0;20190717;100914;103.690000000;5
RU000A100JH0;0;20190717;101148;103.690000000;3
RU000A100JH0;0;20190717;102111;103.690000000;10
RU000A100JH0;0;20190717;103458;103.690000000;10
RU000A100JH0;0;20190717;103625;103.690000000;7
RU000A100JH0;0;20190717;103715;103.690000000;159
RU000A100JH0;0;20190717;103715;103.700000000;841
RU000A100JH0;0;20190717;104732;103.700000000;1
RU000A100JH0;0;20190717;105213;103.700000000;700
RU000A100JH0;0;20190717;110201;103.700000000;73
RU000A100JH0;0;20190717;110224;103.610000000;1
RU000A100JH0;0;20190717;115845;103.700000000;20
RU000A100JH0;0;20190717;121202;103.620000000;1
RU000A100JH0;0;20190717;122200;103.700000000;240
RU000A100JH0;0;20190717;122701;103.700000000;1
RU000A100JH0;0;20190717;131256;103.700000000;15
RU000A100JH0;0;20190717;131907;103.700000000;305
RU000A100JH0;0;20190717;134027;103.700000000;40
RU000A100JH0;0;20190717;135752;103.700000000;33
RU000A100JH0;0;20190717;135813;103.700000000;1
RU000A100JH0;0;20190717;140010;103.700000000;10
RU000A100JH0;0;20190717;140059;103.700000000;3
RU000A100JH0;0;20190717;140149;103.700000000;1
RU000A100JH0;0;20190717;140317;103.700000000;5
RU000A100JH0;0;20190717;140320;103.650000000;2
RU000A100JH0;0;20190717;140442;103.700000000;15
RU000A100JH0;0;20190717;140524;103.700000000;10
RU000A100JH0;0;20190717;141927;103.700000000;300
RU000A100JH0;0;20190717;144341;103.700000000;6
RU000A100JH0;0;20190717;144721;103.700000000;40
RU000A100JH0;0;20190717;150941;103.700000000;100
RU000A100JH0;0;20190717;151157;103.700000000;1240
RU000A100JH0;0;20190717;151157;103.700000000;289
RU000A100JH0;0;20190717;152827;103.720000000;1
RU000A100JH0;0;20190717;152827;103.750000000;14
RU000A100JH0;0;20190717;155033;103.750000000;1050
RU000A100JH0;0;20190717;155136;103.750000000;500
RU000A100JH0;0;20190717;155602;103.750000000;2500
RU000A100JH0;0;20190717;155656;103.750000000;100
RU000A100JH0;0;20190717;160042;103.750000000;200
RU000A100JH0;0;20190717;160100;103.750000000;100
RU000A100JH0;0;20190717;160704;103.750000000;60
RU000A100JH0;0;20190717;160722;103.750000000;200
RU000A100JH0;0;20190717;162234;103.750000000;4
RU000A100JH0;0;20190717;162403;103.750000000;21
RU000A100JH0;0;20190717;162451;103.750000000;251
RU000A100JH0;0;20190717;162716;103.750000000;500
RU000A100JH0;0;20190717;162732;103.780000000;50
RU000A100JH0;0;20190717;162905;103.790000000;41
RU000A100JH0;0;20190717;163429;103.790000000;14
RU000A100JH0;0;20190717;163730;103.780000000;10
RU000A100JH0;0;20190717;163826;103.780000000;300
RU000A100JH0;0;20190717;164255;103.780000000;120
RU000A100JH0;0;20190717;164512;103.780000000;1
RU000A100JH0;0;20190717;165920;103.780000000;526
RU000A100JH0;0;20190717;170648;103.780000000;1
RU000A100JH0;0;20190717;171044;103.780000000;50
RU000A100JH0;0;20190717;173149;103.750000000;30
RU000A100JH0;0;20190717;173410;103.780000000;3992
RU000A100JH0;0;20190717;173410;103.780000000;8
RU000A100JH0;0;20190717;173614;103.780000000;12
RU000A100JH0;0;20190717;173614;103.790000000;8
RU000A100JH0;0;20190717;173917;103.790000000;53
RU000A100JH0;0;20190717;174215;103.790000000;7
RU000A100JH0;0;20190717;180240;103.780000000;5
RU000A100JH0;0;20190717;181202;103.770000000;48
RU000A100JH0;0;20190717;181448;103.770000000;109
RU000A100JH0;0;20190717;181623;103.770000000;120
RU000A100JH0;0;20190717;181623;103.780000000;1880
RU000A100JH0;0;20190717;181833;103.780000000;2
RU000A100JH0;0;20190717;182135;103.760000000;2
RU000A100JH0;0;20190717;182135;103.750000000;19
RU000A100JH0;0;20190717;182135;103.750000000;2
RU000A100JH0;0;20190717;182135;103.750000000;52
RU000A100JH0;0;20190717;182135;103.720000000;1
RU000A100JH0;0;20190717;182135;103.720000000;26
RU000A100JH0;0;20190717;182135;103.710000000;200
RU000A100JH0;0;20190717;182135;103.710000000;1
RU000A100JH0;0;20190717;182135;103.700000000;71
RU000A100JH0;0;20190717;182135;103.700000000;55
RU000A100JH0;0;20190717;182135;103.700000000;58
RU000A100JH0;0;20190717;182135;103.700000000;1560
RU000A100JH0;0;20190717;182135;103.700000000;5
RU000A100JH0;0;20190717;182135;103.700000000;50
RU000A100JH0;0;20190717;182300;103.700000000;1
RU000A100JH0;0;20190717;182449;103.700000000;101
RU000A100JH0;0;20190717;182841;103.700000000;200
RU000A100JH0;0;20190717;182955;103.700000000;10
RU000A100JH0;0;20190717;183209;103.700000000;50
RU000A100JH0;0;20190717;183548;103.700000000;1
RU000A100JH0;0;20190717;183933;103.700000000;8
RU000A100JH0;0;20190717;184056;103.700000000;39
RU000A100JH0;0;20190717;184233;103.700000000;40
RU000A100JH0;0;20190717;184401;103.700000000;4
RU000A100JH0;0;20190718;100337;103.980000000;12
RU000A100JH0;0;20190718;100415;104.650000000;100
RU000A100JH0;0;20190718;100426;104.650000000;400
RU000A100JH0;0;20190718;100448;104.650000000;111
RU000A100JH0;0;20190718;100720;103.800000000;23
RU000A100JH0;0;20190718;100743;103.800000000;100
RU000A100JH0;0;20190718;100753;103.800000000;10
RU000A100JH0;0;20190718;101138;103.800000000;1
RU000A100JH0;0;20190718;101227;103.800000000;76
RU000A100JH0;0;20190718;101250;103.800000000;1
RU000A100JH0;0;20190718;101541;103.800000000;20
RU000A100JH0;0;20190718;101628;103.800000000;500
RU000A100JH0;0;20190718;101741;103.800000000;100
RU000A100JH0;0;20190718;101754;103.800000000;250
RU000A100JH0;0;20190718;101802;103.800000000;75
RU000A100JH0;0;20190718;101918;103.800000000;10
RU000A100JH0;0;20190718;101933;103.800000000;100
RU000A100JH0;0;20190718;102511;103.800000000;120
RU000A100JH0;0;20190718;102550;103.740000000;10
RU000A100JH0;0;20190718;103437;103.800000000;194
RU000A100JH0;0;20190718;103510;103.800000000;200
RU000A100JH0;0;20190718;103600;103.800000000;973
RU000A100JH0;0;20190718;103620;103.800000000;40
RU000A100JH0;0;20190718;103814;103.800000000;200
RU000A100JH0;0;20190718;103819;103.800000000;100
RU000A100JH0;0;20190718;103840;103.800000000;20
RU000A100JH0;0;20190718;104126;103.850000000;410
RU000A100JH0;0;20190718;104440;103.850000000;5
RU000A100JH0;0;20190718;104526;103.850000000;2
RU000A100JH0;0;20190718;104649;103.850000000;5
RU000A100JH0;0;20190718;104731;103.850000000;5
RU000A100JH0;0;20190718;105108;103.800000000;800
RU000A100JH0;0;20190718;105404;103.750000000;20
RU000A100JH0;0;20190718;105652;103.800000000;64
RU000A100JH0;0;20190718;105758;103.800000000;130
RU000A100JH0;0;20190718;105806;103.800000000;12
RU000A100JH0;0;20190718;112014;103.800000000;1
RU000A100JH0;0;20190718;112150;103.800000000;2
RU000A100JH0;0;20190718;112409;103.800000000;19
RU000A100JH0;0;20190718;112629;103.800000000;2
RU000A100JH0;0;20190718;112934;103.800000000;500
RU000A100JH0;0;20190718;113700;103.800000000;70
RU000A100JH0;0;20190718;114203;103.800000000;50
RU000A100JH0;0;20190718;115141;103.800000000;60
RU000A100JH0;0;20190718;115152;103.800000000;1
RU000A100JH0;0;20190718;115515;103.800000000;50
RU000A100JH0;0;20190718;122055;103.800000000;20
RU000A100JH0;0;20190718;122213;103.800000000;1
RU000A100JH0;0;20190718;122235;103.800000000;2
RU000A100JH0;0;20190718;122247;103.750000000;21
RU000A100JH0;0;20190718;123706;103.780000000;200
RU000A100JH0;0;20190718;124128;103.780000000;50
RU000A100JH0;0;20190718;124313;103.780000000;2
RU000A100JH0;0;20190718;125532;103.750000000;59
RU000A100JH0;0;20190718;125532;103.750000000;17
RU000A100JH0;0;20190718;125706;103.780000000;60
RU000A100JH0;0;20190718;125744;103.780000000;21
RU000A100JH0;0;20190718;125815;103.780000000;4
RU000A100JH0;0;20190718;130130;103.780000000;5
RU000A100JH0;0;20190718;131130;103.780000000;1
RU000A100JH0;0;20190718;131141;103.780000000;30
RU000A100JH0;0;20190718;131245;103.780000000;4
RU000A100JH0;0;20190718;132207;103.780000000;623
RU000A100JH0;0;20190718;132207;103.800000000;2257
RU000A100JH0;0;20190718;132515;103.760000000;100
RU000A100JH0;0;20190718;132515;103.750000000;8
RU000A100JH0;0;20190718;132515;103.750000000;100
RU000A100JH0;0;20190718;132835;103.750000000;1
RU000A100JH0;0;20190718;133801;103.750000000;400
RU000A100JH0;0;20190718;133855;103.750000000;182
RU000A100JH0;0;20190718;133922;103.750000000;21
RU000A100JH0;0;20190718;134332;103.750000000;6
RU000A100JH0;0;20190718;134814;103.750000000;117
RU000A100JH0;0;20190718;134836;103.740000000;12
RU000A100JH0;0;20190718;134836;103.740000000;50
RU000A100JH0;0;20190718;134836;103.740000000;100
RU000A100JH0;0;20190718;135241;103.740000000;359
RU000A100JH0;0;20190718;135301;103.740000000;145
RU000A100JH0;0;20190718;135313;103.740000000;33
RU000A100JH0;0;20190718;135433;103.730000000;5
RU000A100JH0;0;20190718;135433;103.730000000;28
RU000A100JH0;0;20190718;135433;103.730000000;30
RU000A100JH0;0;20190718;135433;103.720000000;300
RU000A100JH0;0;20190718;135433;103.720000000;10
RU000A100JH0;0;20190718;135433;103.720000000;1
RU000A100JH0;0;20190718;135433;103.720000000;16
RU000A100JH0;0;20190718;135433;103.710000000;50
RU000A100JH0;0;20190718;135433;103.700000000;10
RU000A100JH0;0;20190718;135433;103.700000000;25
RU000A100JH0;0;20190718;135433;103.700000000;208
RU000A100JH0;0;20190718;135433;103.700000000;4
RU000A100JH0;0;20190718;135433;103.700000000;100
RU000A100JH0;0;20190718;135925;103.700000000;4
RU000A100JH0;0;20190718;140223;103.700000000;32
RU000A100JH0;0;20190718;140610;103.700000000;100
RU000A100JH0;0;20190718;141302;103.700000000;150
RU000A100JH0;0;20190718;141927;103.700000000;10
RU000A100JH0;0;20190718;142020;103.700000000;1000
RU000A100JH0;0;20190718;142459;103.700000000;12
RU000A100JH0;0;20190718;143059;103.700000000;120
RU000A100JH0;0;20190718;143234;103.700000000;4
RU000A100JH0;0;20190718;143537;103.700000000;300
RU000A100JH0;0;20190718;143810;103.700000000;50
RU000A100JH0;0;20190718;144842;103.700000000;45
RU000A100JH0;0;20190718;144949;103.700000000;1
RU000A100JH0;0;20190718;150719;103.700000000;100
RU000A100JH0;0;20190718;151017;103.680000000;49
RU000A100JH0;0;20190718;151017;103.650000000;1
RU000A100JH0;0;20190718;151017;103.650000000;50
RU000A100JH0;0;20190718;151848;103.690000000;7
RU000A100JH0;0;20190718;152130;103.690000000;7
RU000A100JH0;0;20190718;152824;103.690000000;5
RU000A100JH0;0;20190718;153117;103.630000000;1
RU000A100JH0;0;20190718;153117;103.600000000;40
RU000A100JH0;0;20190718;153117;103.600000000;5
RU000A100JH0;0;20190718;153117;103.600000000;1
RU000A100JH0;0;20190718;153117;103.580000000;1
RU000A100JH0;0;20190718;153117;103.560000000;1
RU000A100JH0;0;20190718;153117;103.550000000;1
RU000A100JH0;0;20190718;153117;103.550000000;5
RU000A100JH0;0;20190718;153117;103.550000000;3000
RU000A100JH0;0;20190718;153117;103.540000000;1
RU000A100JH0;0;20190718;153117;103.540000000;30
RU000A100JH0;0;20190718;153117;103.530000000;2
RU000A100JH0;0;20190718;153117;103.530000000;300
RU000A100JH0;0;20190718;153117;103.520000000;29
RU000A100JH0;0;20190718;153117;103.520000000;500
RU000A100JH0;0;20190718;153117;103.520000000;2
RU000A100JH0;0;20190718;153117;103.510000000;5
RU000A100JH0;0;20190718;153117;103.510000000;100
RU000A100JH0;0;20190718;153117;103.510000000;200
RU000A100JH0;0;20190718;153117;103.510000000;10
RU000A100JH0;0;20190718;153117;103.510000000;2
RU000A100JH0;0;20190718;153117;103.510000000;3
RU000A100JH0;0;20190718;153117;103.500000000;300
RU000A100JH0;0;20190718;153117;103.500000000;50
RU000A100JH0;0;20190718;153117;103.500000000;211
RU000A100JH0;0;20190718;154736;103.520000000;2
RU000A100JH0;0;20190718;154736;103.510000000;25
RU000A100JH0;0;20190718;154736;103.500000000;789
RU000A100JH0;0;20190718;154736;103.500000000;16
RU000A100JH0;0;20190718;154736;103.500000000;168
RU000A100JH0;0;20190718;154937;103.500000000;1
RU000A100JH0;0;20190718;155510;103.500000000;1
RU000A100JH0;0;20190718;155916;103.600000000;15
RU000A100JH0;0;20190718;160928;103.660000000;50
RU000A100JH0;0;20190718;161050;103.660000000;1
RU000A100JH0;0;20190718;162157;103.660000000;35
RU000A100JH0;0;20190718;162157;103.660000000;27
RU000A100JH0;0;20190718;162736;103.600000000;3
RU000A100JH0;0;20190718;162736;103.510000000;10
RU000A100JH0;0;20190718;162736;103.510000000;2
RU000A100JH0;0;20190718;162736;103.510000000;2
RU000A100JH0;0;20190718;162736;103.500000000;5
RU000A100JH0;0;20190718;162736;103.500000000;2
RU000A100JH0;0;20190718;162736;103.500000000;2
RU000A100JH0;0;20190718;162736;103.490000000;1
RU000A100JH0;0;20190718;162736;103.490000000;1
RU000A100JH0;0;20190718;162736;103.490000000;2
RU000A100JH0;0;20190718;162736;103.490000000;1179
RU000A100JH0;0;20190718;164810;103.600000000;4
RU000A100JH0;0;20190718;165436;103.500000000;20
RU000A100JH0;0;20190718;165436;103.490000000;25
RU000A100JH0;0;20190718;165555;103.590000000;5
RU000A100JH0;0;20190718;165604;103.590000000;33
RU000A100JH0;0;20190718;165638;103.600000000;750
RU000A100JH0;0;20190718;170144;103.600000000;83
RU000A100JH0;0;20190718;171355;103.600000000;60
RU000A100JH0;0;20190718;171424;103.600000000;9
RU000A100JH0;0;20190718;171704;103.590000000;1
RU000A100JH0;0;20190718;171835;103.590000000;17
RU000A100JH0;0;20190718;172055;103.590000000;2
RU000A100JH0;0;20190718;172600;103.580000000;100
RU000A100JH0;0;20190718;172852;103.590000000;2
RU000A100JH0;0;20190718;173337;103.580000000;35
RU000A100JH0;0;20190718;173916;103.580000000;30
RU000A100JH0;0;20190718;174431;103.580000000;2
RU000A100JH0;0;20190718;180718;103.580000000;83
RU000A100JH0;0;20190718;180718;103.590000000;18
RU000A100JH0;0;20190718;180718;103.600000000;849
RU000A100JH0;0;20190718;181308;103.600000000;38
RU000A100JH0;0;20190718;182423;103.600000000;58
RU000A100JH0;0;20190718;182726;103.600000000;20
RU000A100JH0;0;20190718;183627;103.600000000;15
RU000A100JH0;0;20190719;102623;103.600000000;10
RU000A100JH0;0;20190719;102623;103.600000000;15
RU000A100JH0;0;20190719;102856;103.590000000;50
RU000A100JH0;0;20190719;102902;103.600000000;950
RU000A100JH0;0;20190719;103954;103.600000000;300
RU000A100JH0;0;20190719;104128;103.600000000;500
RU000A100JH0;0;20190719;104233;103.600000000;50
RU000A100JH0;0;20190719;104547;103.600000000;100
RU000A100JH0;0;20190719;104548;103.600000000;20
RU000A100JH0;0;20190719;104657;103.600000000;100
RU000A100JH0;0;20190719;105044;103.600000000;35
RU000A100JH0;0;20190719;105320;103.600000000;2
RU000A100JH0;0;20190719;110115;103.520000000;12
RU000A100JH0;0;20190719;110131;103.600000000;10
RU000A100JH0;0;20190719;110433;103.600000000;640
RU000A100JH0;0;20190719;110433;103.600000000;60
RU000A100JH0;0;20190719;110433;103.600000000;80
RU000A100JH0;0;20190719;110433;103.600000000;680
RU000A100JH0;0;20190719;110433;103.600000000;20
RU000A100JH0;0;20190719;110433;103.600000000;160
RU000A100JH0;0;20190719;110433;103.600000000;240
RU000A100JH0;0;20190719;110433;103.600000000;200
RU000A100JH0;0;20190719;110433;103.600000000;140
RU000A100JH0;0;20190719;110433;103.600000000;120
RU000A100JH0;0;20190719;110433;103.600000000;20
RU000A100JH0;0;20190719;110433;103.600000000;440
RU000A100JH0;0;20190719;110433;103.600000000;320
RU000A100JH0;0;20190719;110433;103.600000000;940
RU000A100JH0;0;20190719;110433;103.600000000;40
RU000A100JH0;0;20190719;110433;103.600000000;40
RU000A100JH0;0;20190719;110433;103.600000000;40
RU000A100JH0;0;20190719;110433;103.600000000;20
RU000A100JH0;0;20190719;110433;103.600000000;20
RU000A100JH0;0;20190719;110433;103.600000000;340
RU000A100JH0;0;20190719;110433;103.600000000;60
RU000A100JH0;0;20190719;110433;103.600000000;20
RU000A100JH0;0;20190719;110434;103.600000000;220
RU000A100JH0;0;20190719;110434;103.600000000;200
RU000A100JH0;0;20190719;110434;103.600000000;1200
RU000A100JH0;0;20190719;110438;103.600000000;40
RU000A100JH0;0;20190719;110438;103.600000000;60
RU000A100JH0;0;20190719;110438;103.600000000;60
RU000A100JH0;0;20190719;110438;103.600000000;20
RU000A100JH0;0;20190719;110438;103.600000000;120
RU000A100JH0;0;20190719;110438;103.600000000;120
RU000A100JH0;0;20190719;110438;103.600000000;120
RU000A100JH0;0;20190719;110438;103.600000000;100
RU000A100JH0;0;20190719;110438;103.600000000;720
RU000A100JH0;0;20190719;110438;103.600000000;340
RU000A100JH0;0;20190719;110438;103.600000000;160
RU000A100JH0;0;20190719;110438;103.600000000;20
RU000A100JH0;0;20190719;110441;103.600000000;4768
RU000A100JH0;0;20190719;110455;103.600000000;232
RU000A100JH0;0;20190719;111037;103.600000000;480
RU000A100JH0;0;20190719;111851;103.600000000;5
RU000A100JH0;0;20190719;113436;103.590000000;10
RU000A100JH0;0;20190719;114256;103.590000000;5
RU000A100JH0;0;20190719;114317;103.590000000;40
RU000A100JH0;0;20190719;114358;103.520000000;11
RU000A100JH0;0;20190719;114358;103.510000000;1
RU000A100JH0;0;20190719;114358;103.510000000;2
RU000A100JH0;0;20190719;114358;103.510000000;29
RU000A100JH0;0;20190719;114358;103.510000000;100
RU000A100JH0;0;20190719;114358;103.500000000;100
RU000A100JH0;0;20190719;114358;103.500000000;2
RU000A100JH0;0;20190719;114358;103.500000000;5
RU000A100JH0;0;20190719;114358;103.500000000;50
RU000A100JH0;0;20190719;114358;103.500000000;100
RU000A100JH0;0;20190719;115122;103.500000000;50
RU000A100JH0;0;20190719;115122;103.500000000;100
RU000A100JH0;0;20190719;120636;103.500000000;50
RU000A100JH0;0;20190719;120636;103.500000000;50
RU000A100JH0;0;20190719;120636;103.500000000;95
RU000A100JH0;0;20190719;120636;103.500000000;205
RU000A100JH0;0;20190719;121946;103.590000000;1
RU000A100JH0;0;20190719;122025;103.590000000;24
RU000A100JH0;0;20190719;122452;103.590000000;3
RU000A100JH0;0;20190719;123237;103.520000000;24
RU000A100JH0;0;20190719;123237;103.510000000;100
RU000A100JH0;0;20190719;123237;103.500000000;95
RU000A100JH0;0;20190719;123237;103.500000000;50
RU000A100JH0;0;20190719;123237;103.500000000;231
RU000A100JH0;0;20190719;123938;103.590000000;217
RU000A100JH0;0;20190719;123938;103.600000000;143
RU000A100JH0;0;20190719;124449;103.600000000;2000
RU000A100JH0;0;20190719;124551;103.600000000;230
RU000A100JH0;0;20190719;124602;103.600000000;400
RU000A100JH0;0;20190719;125230;103.540000000;49
RU000A100JH0;0;20190719;125230;103.520000000;5
RU000A100JH0;0;20190719;125230;103.500000000;46
RU000A100JH0;0;20190719;130401;103.600000000;10
RU000A100JH0;0;20190719;130813;103.500000000;23
RU000A100JH0;0;20190719;130813;103.500000000;50
RU000A100JH0;0;20190719;130813;103.500000000;50
RU000A100JH0;0;20190719;130813;103.500000000;107
RU000A100JH0;0;20190719;131121;103.590000000;20
RU000A100JH0;0;20190719;131121;103.600000000;60
RU000A100JH0;0;20190719;131928;103.600000000;15
RU000A100JH0;0;20190719;132130;103.600000000;5
RU000A100JH0;0;20190719;132415;103.600000000;57
RU000A100JH0;0;20190719;133905;103.600000000;1
RU000A100JH0;0;20190719;134132;103.500000000;13
RU000A100JH0;0;20190719;134132;103.500000000;144
RU000A100JH0;0;20190719;134132;103.500000000;1
RU000A100JH0;0;20190719;134132;103.500000000;92
RU000A100JH0;0;20190719;134821;103.600000000;50
RU000A100JH0;0;20190719;134904;103.600000000;300
RU000A100JH0;0;20190719;134909;103.600000000;5
RU000A100JH0;0;20190719;140528;103.600000000;9
RU000A100JH0;0;20190719;140607;103.510000000;60
RU000A100JH0;0;20190719;140607;103.500000000;73
RU000A100JH0;0;20190719;140607;103.500000000;417
RU000A100JH0;0;20190719;142431;103.600000000;307
RU000A100JH0;0;20190719;143036;103.600000000;60
RU000A100JH0;0;20190719;143312;103.600000000;100
RU000A100JH0;0;20190719;143419;103.600000000;70
RU000A100JH0;0;20190719;143528;103.530000000;6
RU000A100JH0;0;20190719;143528;103.520000000;10
RU000A100JH0;0;20190719;143528;103.520000000;77
RU000A100JH0;0;20190719;143528;103.500000000;7
RU000A100JH0;0;20190719;145618;103.600000000;10
RU000A100JH0;0;20190719;145632;103.600000000;1
RU000A100JH0;0;20190719;150305;103.600000000;1
RU000A100JH0;0;20190719;150325;103.600000000;500
RU000A100JH0;0;20190719;152342;103.600000000;8
RU000A100JH0;0;20190719;152419;103.600000000;10
RU000A100JH0;0;20190719;152757;103.600000000;1
RU000A100JH0;0;20190719;154759;103.600000000;20
RU000A100JH0;0;20190719;155208;103.600000000;1
RU000A100JH0;0;20190719;155226;103.590000000;50
RU000A100JH0;0;20190719;155226;103.530000000;1
RU000A100JH0;0;20190719;155226;103.520000000;1
RU000A100JH0;0;20190719;155226;103.510000000;50
RU000A100JH0;0;20190719;155226;103.510000000;1
RU000A100JH0;0;20190719;155226;103.510000000;10
RU000A100JH0;0;20190719;155226;103.510000000;25
RU000A100JH0;0;20190719;155226;103.500000000;76
RU000A100JH0;0;20190719;155226;103.500000000;60
RU000A100JH0;0;20190719;155226;103.500000000;194
RU000A100JH0;0;20190719;155226;103.500000000;32
RU000A100JH0;0;20190719;155823;103.600000000;2
RU000A100JH0;0;20190719;161830;103.520000000;30
RU000A100JH0;0;20190719;161830;103.510000000;20
RU000A100JH0;0;20190719;161830;103.510000000;19
RU000A100JH0;0;20190719;161830;103.510000000;100
RU000A100JH0;0;20190719;161830;103.510000000;150
RU000A100JH0;0;20190719;161830;103.500000000;68
RU000A100JH0;0;20190719;161830;103.500000000;50
RU000A100JH0;0;20190719;161830;103.500000000;48
RU000A100JH0;0;20190719;161830;103.500000000;315
RU000A100JH0;0;20190719;162335;103.600000000;153
RU000A100JH0;0;20190719;162400;103.600000000;150
RU000A100JH0;0;20190719;163349;103.600000000;20
RU000A100JH0;0;20190719;170006;103.600000000;10
RU000A100JH0;0;20190719;170949;103.570000000;29
RU000A100JH0;0;20190719;170949;103.550000000;100
RU000A100JH0;0;20190719;170949;103.550000000;5
RU000A100JH0;0;20190719;170949;103.550000000;200
RU000A100JH0;0;20190719;170949;103.510000000;149
RU000A100JH0;0;20190719;170949;103.510000000;5
RU000A100JH0;0;20190719;170949;103.510000000;200
RU000A100JH0;0;20190719;170949;103.500000000;35
RU000A100JH0;0;20190719;170949;103.500000000;1
RU000A100JH0;0;20190719;170949;103.500000000;470
RU000A100JH0;0;20190719;170949;103.500000000;50
RU000A100JH0;0;20190719;170949;103.500000000;456
RU000A100JH0;0;20190719;171102;103.600000000;5
RU000A100JH0;0;20190719;171642;103.600000000;110
RU000A100JH0;0;20190719;171748;103.600000000;3000
RU000A100JH0;0;20190719;172130;103.600000000;650
RU000A100JH0;0;20190719;174103;103.600000000;13
RU000A100JH0;0;20190719;174957;103.600000000;6
RU000A100JH0;0;20190719;175019;103.600000000;2
RU000A100JH0;0;20190719;175122;103.510000000;14
RU000A100JH0;0;20190719;175122;103.510000000;100
RU000A100JH0;0;20190719;175122;103.500000000;86
RU000A100JH0;0;20190719;175439;103.600000000;20
RU000A100JH0;0;20190719;180146;103.600000000;800
RU000A100JH0;0;20190719;180348;103.600000000;70
RU000A100JH0;0;20190719;181451;103.600000000;25
RU000A100JH0;0;20190719;181906;103.600000000;19
RU000A100JH0;0;20190719;182330;103.600000000;1
RU000A100JH0;0;20190719;182531;103.600000000;40
RU000A100JH0;0;20190719;182936;103.600000000;500
RU000A100JH0;0;20190719;183132;103.550000000;4
RU000A100JH0;0;20190719;183132;103.510000000;25
RU000A100JH0;0;20190719;183132;103.510000000;300
RU000A100JH0;0;20190719;183132;103.500000000;13
RU000A100JH0;0;20190719;183132;103.500000000;10
RU000A100JH0;0;20190719;183132;103.500000000;10
RU000A100JH0;0;20190719;183132;103.500000000;10
RU000A100JH0;0;20190719;183132;103.500000000;10
RU000A100JH0;0;20190719;183132;103.500000000;70
RU000A100JH0;0;20190719;183142;103.500000000;48
RU000A100JH0;0;20190719;184049;103.600000000;1
RU000A100JH0;0;20190719;184108;103.600000000;1
RU000A100JH0;0;20190722;100539;103.600000000;1
RU000A100JH0;0;20190722;103633;103.560000000;1
RU000A100JH0;0;20190722;104908;103.590000000;20
RU000A100JH0;0;20190722;104919;103.590000000;30
RU000A100JH0;0;20190722;104941;103.590000000;25
RU000A100JH0;0;20190722;110032;103.580000000;1000
RU000A100JH0;0;20190722;110157;103.580000000;100
RU000A100JH0;0;20190722;110242;103.580000000;101
RU000A100JH0;0;20190722;110619;103.560000000;99
RU000A100JH0;0;20190722;110619;103.560000000;21
RU000A100JH0;0;20190722;111846;103.580000000;2
RU000A100JH0;0;20190722;112450;103.580000000;5
RU000A100JH0;0;20190722;112939;103.560000000;100
RU000A100JH0;0;20190722;113645;103.580000000;3
RU000A100JH0;0;20190722;113846;103.560000000;23
RU000A100JH0;0;20190722;113912;103.560000000;100
RU000A100JH0;0;20190722;114732;103.560000000;77
RU000A100JH0;0;20190722;114732;103.560000000;18
RU000A100JH0;0;20190722;120626;103.560000000;32
RU000A100JH0;0;20190722;120626;103.580000000;218
RU000A100JH0;0;20190722;120707;103.580000000;25
RU000A100JH0;0;20190722;121710;103.580000000;1
RU000A100JH0;0;20190722;121926;103.580000000;20
RU000A100JH0;0;20190722;122225;103.580000000;100
RU000A100JH0;0;20190722;123348;103.580000000;20
RU000A100JH0;0;20190722;130052;103.580000000;3
RU000A100JH0;0;20190722;130052;103.600000000;97
RU000A100JH0;0;20190722;130918;103.580000000;650
RU000A100JH0;0;20190722;131509;103.600000000;250
RU000A100JH0;0;20190722;131516;103.580000000;108
RU000A100JH0;0;20190722;131516;103.550000000;19
RU000A100JH0;0;20190722;131516;103.540000000;1
RU000A100JH0;0;20190722;131541;103.510000000;200
RU000A100JH0;0;20190722;131916;103.600000000;4
RU000A100JH0;0;20190722;133514;103.510000000;50
RU000A100JH0;0;20190722;133821;103.600000000;42
RU000A100JH0;0;20190722;140639;103.600000000;480
RU000A100JH0;0;20190722;140939;103.600000000;10
RU000A100JH0;0;20190722;141309;103.600000000;5
RU000A100JH0;0;20190722;142518;103.510000000;7
RU000A100JH0;0;20190722;142518;103.500000000;9
RU000A100JH0;0;20190722;142518;103.500000000;40
RU000A100JH0;0;20190722;142518;103.500000000;10
RU000A100JH0;0;20190722;142518;103.500000000;60
RU000A100JH0;0;20190722;142518;103.500000000;10
RU000A100JH0;0;20190722;142518;103.500000000;1
RU000A100JH0;0;20190722;142518;103.500000000;4
RU000A100JH0;0;20190722;142518;103.500000000;59
RU000A100JH0;0;20190722;142946;103.510000000;60
RU000A100JH0;0;20190722;142946;103.500000000;40
RU000A100JH0;0;20190722;143940;103.600000000;3
RU000A100JH0;0;20190722;145047;103.600000000;3
RU000A100JH0;0;20190722;145728;103.600000000;1
RU000A100JH0;0;20190722;150128;103.600000000;29
RU000A100JH0;0;20190722;150946;103.500000000;100
RU000A100JH0;0;20190722;151211;103.600000000;1
RU000A100JH0;0;20190722;152238;103.600000000;287
RU000A100JH0;0;20190722;153036;103.510000000;1
RU000A100JH0;0;20190722;153036;103.510000000;13
RU000A100JH0;0;20190722;153828;103.550000000;73
RU000A100JH0;0;20190722;153828;103.510000000;175
RU000A100JH0;0;20190722;153828;103.500000000;1
RU000A100JH0;0;20190722;153828;103.500000000;1
RU000A100JH0;0;20190722;155528;103.510000000;1
RU000A100JH0;0;20190722;155528;103.500000000;49
RU000A100JH0;0;20190722;155528;103.500000000;17
RU000A100JH0;0;20190722;155528;103.500000000;33
RU000A100JH0;0;20190722;162052;103.510000000;36
RU000A100JH0;0;20190722;162052;103.510000000;44
RU000A100JH0;0;20190722;162052;103.500000000;17
RU000A100JH0;0;20190722;162052;103.500000000;1
RU000A100JH0;0;20190722;162052;103.500000000;2
RU000A100JH0;0;20190722;163439;103.590000000;1
RU000A100JH0;0;20190722;164220;103.600000000;10
RU000A100JH0;0;20190722;164238;103.600000000;310
RU000A100JH0;0;20190722;172318;103.600000000;100
RU000A100JH0;0;20190722;172355;103.590000000;7
RU000A100JH0;0;20190722;172355;103.500000000;2
RU000A100JH0;0;20190722;172355;103.500000000;70
RU000A100JH0;0;20190722;172355;103.500000000;11
RU000A100JH0;0;20190722;172355;103.500000000;20
RU000A100JH0;0;20190722;172355;103.500000000;150
RU000A100JH0;0;20190722;172355;103.500000000;40
RU000A100JH0;0;20190722;173004;103.550000000;27
RU000A100JH0;0;20190722;173004;103.500000000;110
RU000A100JH0;0;20190722;173004;103.490000000;263
RU000A100JH0;0;20190722;173019;103.500000000;100
RU000A100JH0;0;20190722;173607;103.510000000;200
RU000A100JH0;0;20190722;173607;103.510000000;100
RU000A100JH0;0;20190722;173607;103.500000000;4900
RU000A100JH0;0;20190722;173608;103.600000000;10
RU000A100JH0;0;20190722;174020;103.500000000;100
RU000A100JH0;0;20190722;174552;103.600000000;10
RU000A100JH0;0;20190722;174634;103.500000000;100
RU000A100JH0;0;20190722;174634;103.500000000;89
RU000A100JH0;0;20190722;174634;103.490000000;33
RU000A100JH0;0;20190722;174634;103.490000000;78
RU000A100JH0;0;20190722;180347;103.500000000;2
RU000A100JH0;0;20190722;180347;103.490000000;80
RU000A100JH0;0;20190722;180347;103.490000000;153
RU000A100JH0;0;20190722;180347;103.480000000;6
RU000A100JH0;0;20190722;180347;103.480000000;100
RU000A100JH0;0;20190722;180347;103.470000000;60
RU000A100JH0;0;20190722;180347;103.460000000;80
RU000A100JH0;0;20190722;180347;103.460000000;2
RU000A100JH0;0;20190722;180347;103.460000000;1
RU000A100JH0;0;20190722;180347;103.450000000;2
RU000A100JH0;0;20190722;180347;103.450000000;1
RU000A100JH0;0;20190722;180347;103.450000000;1
RU000A100JH0;0;20190722;180347;103.450000000;1
RU000A100JH0;0;20190722;180347;103.450000000;4
RU000A100JH0;0;20190722;180347;103.450000000;1
RU000A100JH0;0;20190722;180347;103.450000000;3
RU000A100JH0;0;20190722;180347;103.450000000;2
RU000A100JH0;0;20190722;180347;103.450000000;1
RU000A100JH0;0;20190722;180347;103.450000000;2
RU000A100JH0;0;20190722;180347;103.450000000;1
RU000A100JH0;0;20190722;180347;103.450000000;1
RU000A100JH0;0;20190722;180347;103.450000000;1
RU000A100JH0;0;20190722;180347;103.450000000;1
RU000A100JH0;0;20190722;180347;103.450000000;1
RU000A100JH0;0;20190722;180347;103.450000000;1
RU000A100JH0;0;20190722;180347;103.450000000;1
RU000A100JH0;0;20190722;180347;103.450000000;1
RU000A100JH0;0;20190722;180347;103.450000000;1
RU000A100JH0;0;20190722;180347;103.450000000;4789
RU000A100JH0;0;20190722;180447;103.590000000;60
RU000A100JH0;0;20190722;180447;103.600000000;420
RU000A100JH0;0;20190722;181034;103.600000000;2
RU000A100JH0;0;20190722;184426;103.500000000;100
RU000A100JH0;0;20190722;184433;103.600000000;1
RU000A100JH0;0;20190722;184458;103.600000000;1
RU000A100JH0;0;20190723;101156;103.600000000;50
RU000A100JH0;0;20190723;101302;103.600000000;1
RU000A100JH0;0;20190723;101420;103.530000000;90
RU000A100JH0;0;20190723;101420;103.500000000;80
RU000A100JH0;0;20190723;101511;103.600000000;1
RU000A100JH0;0;20190723;102434;103.550000000;3500
RU000A100JH0;0;20190723;102938;103.600000000;19
RU000A100JH0;0;20190723;103256;103.510000000;230
RU000A100JH0;0;20190723;103256;103.510000000;5
RU000A100JH0;0;20190723;104024;103.600000000;8
RU000A100JH0;0;20190723;104746;103.600000000;200
RU000A100JH0;0;20190723;105252;103.600000000;1
RU000A100JH0;0;20190723;105341;103.600000000;700
RU000A100JH0;0;20190723;105845;103.550000000;150
RU000A100JH0;0;20190723;105845;103.510000000;50
RU000A100JH0;0;20190723;110250;103.590000000;15
RU000A100JH0;0;20190723;112044;103.590000000;35
RU000A100JH0;0;20190723;112358;103.600000000;50
RU000A100JH0;0;20190723;112543;103.590000000;45
RU000A100JH0;0;20190723;112543;103.520000000;1
RU000A100JH0;0;20190723;112543;103.510000000;24
RU000A100JH0;0;20190723;112543;103.510000000;5
RU000A100JH0;0;20190723;112543;103.510000000;135
RU000A100JH0;0;20190723;112736;103.600000000;100
RU000A100JH0;0;20190723;114237;103.590000000;1072
RU000A100JH0;0;20190723;114416;103.600000000;500
RU000A100JH0;0;20190723;114609;103.600000000;20
RU000A100JH0;0;20190723;114644;103.550000000;50
RU000A100JH0;0;20190723;114644;103.550000000;10
RU000A100JH0;0;20190723;114644;103.510000000;5
RU000A100JH0;0;20190723;114644;103.510000000;1
RU000A100JH0;0;20190723;114644;103.510000000;50
RU000A100JH0;0;20190723;114644;103.500000000;95
RU000A100JH0;0;20190723;114644;103.500000000;10
RU000A100JH0;0;20190723;114644;103.500000000;5
RU000A100JH0;0;20190723;114644;103.500000000;2
RU000A100JH0;0;20190723;114644;103.500000000;1
RU000A100JH0;0;20190723;114644;103.500000000;2
RU000A100JH0;0;20190723;114644;103.500000000;409
RU000A100JH0;0;20190723;115555;103.590000000;5
RU000A100JH0;0;20190723;123700;103.590000000;6
RU000A100JH0;0;20190723;124157;103.590000000;1
RU000A100JH0;0;20190723;125015;103.590000000;38
RU000A100JH0;0;20190723;125015;103.600000000;462
RU000A100JH0;0;20190723;125715;103.510000000;7
RU000A100JH0;0;20190723;130257;103.600000000;10
RU000A100JH0;0;20190723;130420;103.600000000;96
RU000A100JH0;0;20190723;131307;103.600000000;1
RU000A100JH0;0;20190723;131625;103.600000000;2000
RU000A100JH0;0;20190723;132219;103.600000000;1
RU000A100JH0;0;20190723;133408;103.600000000;60
RU000A100JH0;0;20190723;133425;103.600000000;31
RU000A100JH0;0;20190723;133425;103.600000000;19
RU000A100JH0;0;20190723;133633;103.600000000;2
RU000A100JH0;0;20190723;135203;103.600000000;250
RU000A100JH0;0;20190723;135430;103.600000000;1
RU000A100JH0;0;20190723;135532;103.600000000;1
RU000A100JH0;0;20190723;140159;103.600000000;5
RU000A100JH0;0;20190723;140559;103.600000000;1
RU000A100JH0;0;20190723;140815;103.600000000;1
RU000A100JH0;0;20190723;140848;103.520000000;2
RU000A100JH0;0;20190723;140848;103.510000000;3
RU000A100JH0;0;20190723;140848;103.510000000;20
RU000A100JH0;0;20190723;140848;103.510000000;60
RU000A100JH0;0;20190723;140848;103.500000000;65
RU000A100JH0;0;20190723;141226;103.600000000;961
RU000A100JH0;0;20190723;143421;103.520000000;2
RU000A100JH0;0;20190723;143421;103.520000000;100
RU000A100JH0;0;20190723;143421;103.510000000;10
RU000A100JH0;0;20190723;143421;103.510000000;10
RU000A100JH0;0;20190723;143421;103.510000000;20
RU000A100JH0;0;20190723;143421;103.500000000;1
RU000A100JH0;0;20190723;143724;103.590000000;1
RU000A100JH0;0;20190723;145335;103.590000000;1
RU000A100JH0;0;20190723;151507;103.590000000;58
RU000A100JH0;0;20190723;151507;103.600000000;792
RU000A100JH0;0;20190723;151510;103.600000000;166
RU000A100JH0;0;20190723;151510;103.600000000;3000
RU000A100JH0;0;20190723;151510;103.600000000;1000
RU000A100JH0;0;20190723;151549;103.600000000;5834
RU000A100JH0;0;20190723;153311;103.690000000;10
RU000A100JH0;0;20190723;154158;103.690000000;1
RU000A100JH0;0;20190723;154410;103.690000000;1920
RU000A100JH0;0;20190723;155708;103.650000000;3
RU000A100JH0;0;20190723;161452;103.640000000;102
RU000A100JH0;0;20190723;162416;103.650000000;40
RU000A100JH0;0;20190723;162449;103.650000000;10
RU000A100JH0;0;20190723;163106;103.650000000;200
RU000A100JH0;0;20190723;165601;103.650000000;55
RU000A100JH0;0;20190723;165632;103.650000000;127
RU000A100JH0;0;20190723;165950;103.650000000;1
RU000A100JH0;0;20190723;170701;103.650000000;9
RU000A100JH0;0;20190723;170756;103.650000000;1
RU000A100JH0;0;20190723;170839;103.650000000;33
RU000A100JH0;0;20190723;171815;103.600000000;75
RU000A100JH0;0;20190723;172445;103.650000000;20
RU000A100JH0;0;20190723;172551;103.650000000;1
RU000A100JH0;0;20190723;172653;103.650000000;5
RU000A100JH0;0;20190723;173944;103.650000000;1
RU000A100JH0;0;20190723;175409;103.650000000;10
RU000A100JH0;0;20190723;175628;103.650000000;20
RU000A100JH0;0;20190723;175750;103.650000000;5
RU000A100JH0;0;20190723;180232;103.650000000;4
RU000A100JH0;0;20190723;180822;103.650000000;1
RU000A100JH0;0;20190723;182046;103.650000000;6
RU000A100JH0;0;20190723;182334;103.650000000;1
RU000A100JH0;0;20190723;182511;103.650000000;30
RU000A100JH0;0;20190723;182932;103.650000000;3
RU000A100JH0;0;20190723;183341;103.650000000;30
RU000A100JH0;0;20190723;184052;103.620000000;5
RU000A100JH0;0;20190723;184052;103.620000000;5
RU000A100JH0;0;20190723;184052;103.610000000;2
RU000A100JH0;0;20190723;184052;103.600000000;5
RU000A100JH0;0;20190723;184052;103.600000000;40
RU000A100JH0;0;20190723;184052;103.600000000;11
