<TICKER>;<PER>;<DATE>;<TIME>;<LAST>;<VOL>
RU000A100V79;0;20190925;154925;100.230000000;1
RU000A100V79;0;20190925;154925;100.220000000;80
RU000A100V79;0;20190925;154925;100.210000000;15
RU000A100V79;0;20190925;154925;100.210000000;200
RU000A100V79;0;20190925;154925;100.210000000;400
RU000A100V79;0;20190925;154925;100.200000000;800
RU000A100V79;0;20190925;154925;100.200000000;50
RU000A100V79;0;20190925;154925;100.190000000;50
RU000A100V79;0;20190925;154925;100.150000000;25
RU000A100V79;0;20190925;154925;100.150000000;30
RU000A100V79;0;20190925;154925;100.150000000;1
RU000A100V79;0;20190925;154925;100.150000000;100
RU000A100V79;0;20190925;154925;100.120000000;15
RU000A100V79;0;20190925;154925;100.120000000;25
RU000A100V79;0;20190925;154925;100.110000000;15
RU000A100V79;0;20190925;154925;100.110000000;67
RU000A100V79;0;20190925;154925;100.110000000;300
RU000A100V79;0;20190925;154925;100.110000000;5
RU000A100V79;0;20190925;154925;100.110000000;50
RU000A100V79;0;20190925;154925;100.110000000;50
RU000A100V79;0;20190925;154925;100.110000000;150
RU000A100V79;0;20190925;154925;100.110000000;50
RU000A100V79;0;20190925;154925;100.100000000;20
RU000A100V79;0;20190925;154925;100.100000000;50
RU000A100V79;0;20190925;154925;100.100000000;150
RU000A100V79;0;20190925;154925;100.100000000;44
RU000A100V79;0;20190925;154925;100.100000000;6
RU000A100V79;0;20190925;154925;100.100000000;168
RU000A100V79;0;20190925;154925;100.100000000;20
RU000A100V79;0;20190925;154925;100.100000000;30
RU000A100V79;0;20190925;154925;100.100000000;7
RU000A100V79;0;20190925;154925;100.100000000;200
RU000A100V79;0;20190925;154925;100.100000000;30
RU000A100V79;0;20190925;154925;100.100000000;80
RU000A100V79;0;20190925;154925;100.100000000;7
RU000A100V79;0;20190925;154925;100.100000000;20
RU000A100V79;0;20190925;154925;100.100000000;15
RU000A100V79;0;20190925;154925;100.100000000;80
RU000A100V79;0;20190925;154925;100.100000000;20
RU000A100V79;0;20190925;154925;100.100000000;40
RU000A100V79;0;20190925;154925;100.100000000;100
RU000A100V79;0;20190925;154925;100.100000000;1
RU000A100V79;0;20190925;154925;100.100000000;50
RU000A100V79;0;20190925;154925;100.100000000;15
RU000A100V79;0;20190925;154925;100.100000000;5
RU000A100V79;0;20190925;154925;100.100000000;65
RU000A100V79;0;20190925;154925;100.100000000;44
RU000A100V79;0;20190925;154925;100.100000000;100
RU000A100V79;0;20190925;154925;100.060000000;50
RU000A100V79;0;20190925;154925;100.050000000;15
RU000A100V79;0;20190925;154925;100.050000000;45
RU000A100V79;0;20190925;154925;100.050000000;1
RU000A100V79;0;20190925;154925;100.050000000;2
RU000A100V79;0;20190925;154925;100.050000000;55
RU000A100V79;0;20190925;154925;100.050000000;1
RU000A100V79;0;20190925;154925;100.050000000;5
RU000A100V79;0;20190925;154925;100.040000000;10
RU000A100V79;0;20190925;154925;100.040000000;15
RU000A100V79;0;20190925;154925;100.040000000;1
RU000A100V79;0;20190925;154925;100.040000000;1
RU000A100V79;0;20190925;154925;100.030000000;100
RU000A100V79;0;20190925;154925;100.030000000;1
RU000A100V79;0;20190925;154925;100.020000000;25
RU000A100V79;0;20190925;154925;100.020000000;200
RU000A100V79;0;20190925;154925;100.020000000;1
RU000A100V79;0;20190925;154925;100.020000000;1
RU000A100V79;0;20190925;154944;100.010000000;5
RU000A100V79;0;20190925;154944;100.010000000;20
RU000A100V79;0;20190925;154944;100.010000000;32
RU000A100V79;0;20190925;154944;100.010000000;50
RU000A100V79;0;20190925;154944;100.010000000;100
RU000A100V79;0;20190925;154944;100.010000000;499
RU000A100V79;0;20190925;154944;100.010000000;1
RU000A100V79;0;20190925;154944;100.010000000;400
RU000A100V79;0;20190925;154944;100.010000000;50
RU000A100V79;0;20190925;154944;100.010000000;300
RU000A100V79;0;20190925;154944;100.010000000;1
RU000A100V79;0;20190925;154944;100.010000000;5
RU000A100V79;0;20190925;154944;100.000000000;3
RU000A100V79;0;20190925;154944;100.000000000;100
RU000A100V79;0;20190925;154944;100.000000000;50
RU000A100V79;0;20190925;154944;100.000000000;50
RU000A100V79;0;20190925;154944;100.000000000;2959
RU000A100V79;0;20190925;154944;100.020000000;20
RU000A100V79;0;20190925;155117;100.200000000;1
RU000A100V79;0;20190925;155121;100.200000000;9
RU000A100V79;0;20190925;155506;100.250000000;1
RU000A100V79;0;20190925;155518;100.250000000;99
RU000A100V79;0;20190925;160754;100.290000000;1
RU000A100V79;0;20190925;161217;100.450000000;1
RU000A100V79;0;20190925;161813;100.390000000;50
RU000A100V79;0;20190925;161903;100.390000000;50
RU000A100V79;0;20190925;162437;100.390000000;50
RU000A100V79;0;20190925;162440;100.390000000;4
RU000A100V79;0;20190925;162747;100.200000000;1
RU000A100V79;0;20190925;163126;100.200000000;2
RU000A100V79;0;20190925;163134;100.200000000;2
RU000A100V79;0;20190925;163700;100.350000000;5
RU000A100V79;0;20190925;164819;100.200000000;50
RU000A100V79;0;20190925;164819;100.190000000;1
RU000A100V79;0;20190925;164819;100.180000000;200
RU000A100V79;0;20190925;164819;100.180000000;20
RU000A100V79;0;20190925;164819;100.180000000;5
RU000A100V79;0;20190925;164819;100.180000000;10
RU000A100V79;0;20190925;164819;100.150000000;20
RU000A100V79;0;20190925;164819;100.150000000;5
RU000A100V79;0;20190925;164819;100.150000000;200
RU000A100V79;0;20190925;164819;100.150000000;10
RU000A100V79;0;20190925;164819;100.150000000;5
RU000A100V79;0;20190925;164819;100.110000000;259
RU000A100V79;0;20190925;164819;100.100000000;100
RU000A100V79;0;20190925;164819;100.100000000;50
RU000A100V79;0;20190925;164819;100.100000000;100
RU000A100V79;0;20190925;164819;100.100000000;50
RU000A100V79;0;20190925;164819;100.100000000;100
RU000A100V79;0;20190925;164819;100.100000000;50
RU000A100V79;0;20190925;164955;100.100000000;20
RU000A100V79;0;20190925;164955;100.100000000;10
RU000A100V79;0;20190925;165050;100.080000000;50
RU000A100V79;0;20190925;165103;100.050000000;35
RU000A100V79;0;20190925;165103;100.050000000;15000
RU000A100V79;0;20190925;165624;100.100000000;10
RU000A100V79;0;20190925;165640;100.100000000;10
RU000A100V79;0;20190925;170057;100.100000000;400
RU000A100V79;0;20190925;170359;100.100000000;1
RU000A100V79;0;20190925;170418;100.100000000;1
RU000A100V79;0;20190925;170642;100.100000000;200
RU000A100V79;0;20190925;170643;100.100000000;150
RU000A100V79;0;20190925;171125;100.100000000;30
RU000A100V79;0;20190925;172127;100.090000000;16
RU000A100V79;0;20190925;172346;100.090000000;120
RU000A100V79;0;20190925;172737;100.090000000;25
RU000A100V79;0;20190925;173143;100.080000000;1
RU000A100V79;0;20190925;173143;100.080000000;5
RU000A100V79;0;20190925;173254;100.090000000;50
RU000A100V79;0;20190925;173315;100.050000000;9
RU000A100V79;0;20190925;173352;100.090000000;2
RU000A100V79;0;20190925;173739;100.060000000;1
RU000A100V79;0;20190925;174124;100.090000000;1
RU000A100V79;0;20190925;174305;100.090000000;300
RU000A100V79;0;20190925;174420;100.060000000;51
RU000A100V79;0;20190925;174432;100.050000000;91
RU000A100V79;0;20190925;174432;100.050000000;700
RU000A100V79;0;20190925;174515;100.020000000;5
RU000A100V79;0;20190925;174515;100.020000000;20
RU000A100V79;0;20190925;174515;100.020000000;54
RU000A100V79;0;20190925;174839;100.050000000;97
RU000A100V79;0;20190925;175459;100.090000000;1
RU000A100V79;0;20190925;175724;100.090000000;20
RU000A100V79;0;20190925;180014;100.090000000;155
RU000A100V79;0;20190925;180612;100.040000000;30
RU000A100V79;0;20190925;180612;100.030000000;2870
RU000A100V79;0;20190925;180741;100.030000000;1
RU000A100V79;0;20190925;181002;100.090000000;10
RU000A100V79;0;20190925;181042;100.090000000;1
RU000A100V79;0;20190925;181146;100.090000000;399
RU000A100V79;0;20190925;181713;100.090000000;80
RU000A100V79;0;20190925;181803;100.080000000;7
RU000A100V79;0;20190925;181803;100.090000000;6320
RU000A100V79;0;20190925;181803;100.100000000;6668
RU000A100V79;0;20190925;181803;100.100000000;2500
RU000A100V79;0;20190925;181803;100.100000000;22500
RU000A100V79;0;20190925;181835;100.100000000;2005
RU000A100V79;0;20190925;182131;100.100000000;507
RU000A100V79;0;20190925;182617;100.100000000;100
RU000A100V79;0;20190925;182710;100.100000000;2388
RU000A100V79;0;20190925;182710;100.100000000;8912
RU000A100V79;0;20190925;182711;100.100000000;10
RU000A100V79;0;20190925;182731;100.100000000;1573
RU000A100V79;0;20190925;182902;100.150000000;200
RU000A100V79;0;20190925;183025;100.150000000;1
RU000A100V79;0;20190925;183506;100.150000000;1000
RU000A100V79;0;20190925;183517;100.150000000;142
RU000A100V79;0;20190925;184255;100.150000000;1
RU000A100V79;0;20190926;095959;100.100000000;100
RU000A100V79;0;20190926;100024;100.100000000;10
RU000A100V79;0;20190926;100052;100.100000000;9
RU000A100V79;0;20190926;100100;100.100000000;3
RU000A100V79;0;20190926;100109;100.100000000;50
RU000A100V79;0;20190926;100117;100.100000000;25
RU000A100V79;0;20190926;100213;100.100000000;555
RU000A100V79;0;20190926;100213;100.100000000;3
RU000A100V79;0;20190926;100213;100.100000000;362
RU000A100V79;0;20190926;100320;100.100000000;10
RU000A100V79;0;20190926;100345;100.100000000;7
RU000A100V79;0;20190926;100432;100.100000000;5
RU000A100V79;0;20190926;100455;100.100000000;10
RU000A100V79;0;20190926;100519;100.090000000;10
RU000A100V79;0;20190926;100616;100.080000000;9
RU000A100V79;0;20190926;100729;100.090000000;20
RU000A100V79;0;20190926;100836;100.080000000;1
RU000A100V79;0;20190926;100930;100.080000000;350
RU000A100V79;0;20190926;100959;100.080000000;100
RU000A100V79;0;20190926;101017;100.080000000;120
RU000A100V79;0;20190926;101124;100.080000000;35
RU000A100V79;0;20190926;101125;100.080000000;240
RU000A100V79;0;20190926;101135;100.080000000;35
RU000A100V79;0;20190926;101135;100.080000000;1
RU000A100V79;0;20190926;101135;100.080000000;100
RU000A100V79;0;20190926;101222;100.080000000;64
RU000A100V79;0;20190926;101225;100.090000000;1727
RU000A100V79;0;20190926;101319;100.090000000;30
RU000A100V79;0;20190926;101413;100.090000000;500
RU000A100V79;0;20190926;101510;100.090000000;10
RU000A100V79;0;20190926;101519;100.090000000;215
RU000A100V79;0;20190926;101822;100.090000000;3
RU000A100V79;0;20190926;101840;100.090000000;5
RU000A100V79;0;20190926;101930;100.090000000;7000
RU000A100V79;0;20190926;101947;100.090000000;50
RU000A100V79;0;20190926;102033;100.090000000;24
RU000A100V79;0;20190926;102048;100.090000000;500
RU000A100V79;0;20190926;102135;100.090000000;2
RU000A100V79;0;20190926;102153;100.090000000;4
RU000A100V79;0;20190926;102225;100.090000000;10
RU000A100V79;0;20190926;102404;100.090000000;3
RU000A100V79;0;20190926;102500;100.090000000;3000
RU000A100V79;0;20190926;102522;100.090000000;5
RU000A100V79;0;20190926;102703;100.090000000;10
RU000A100V79;0;20190926;103027;100.090000000;200
RU000A100V79;0;20190926;103134;100.090000000;10
RU000A100V79;0;20190926;103205;100.090000000;1
RU000A100V79;0;20190926;103733;100.090000000;1000
RU000A100V79;0;20190926;103743;100.090000000;2
RU000A100V79;0;20190926;103753;100.090000000;200
RU000A100V79;0;20190926;103924;100.090000000;16
RU000A100V79;0;20190926;104002;100.090000000;220
RU000A100V79;0;20190926;104013;100.090000000;10
RU000A100V79;0;20190926;104208;100.100000000;299
RU000A100V79;0;20190926;104307;100.100000000;52
RU000A100V79;0;20190926;104312;100.100000000;100
RU000A100V79;0;20190926;104547;100.100000000;15
RU000A100V79;0;20190926;104642;100.100000000;140
RU000A100V79;0;20190926;104855;100.100000000;50
RU000A100V79;0;20190926;104931;100.080000000;18
RU000A100V79;0;20190926;104931;100.080000000;50
RU000A100V79;0;20190926;104931;100.080000000;100
RU000A100V79;0;20190926;104931;100.080000000;20
RU000A100V79;0;20190926;104931;100.080000000;1
RU000A100V79;0;20190926;104931;100.080000000;10
RU000A100V79;0;20190926;105534;100.090000000;100
RU000A100V79;0;20190926;105534;100.100000000;149
RU000A100V79;0;20190926;105622;100.100000000;10
RU000A100V79;0;20190926;105713;100.100000000;300
RU000A100V79;0;20190926;110125;100.090000000;200
RU000A100V79;0;20190926;110125;100.100000000;3100
RU000A100V79;0;20190926;110157;100.100000000;100
RU000A100V79;0;20190926;111144;100.090000000;100
RU000A100V79;0;20190926;111545;100.090000000;50
RU000A100V79;0;20190926;112455;100.090000000;50
RU000A100V79;0;20190926;112819;100.100000000;5
RU000A100V79;0;20190926;113016;100.090000000;38
RU000A100V79;0;20190926;113016;100.070000000;10
RU000A100V79;0;20190926;113016;100.070000000;10
RU000A100V79;0;20190926;113016;100.070000000;50
RU000A100V79;0;20190926;113016;100.060000000;10
RU000A100V79;0;20190926;113016;100.060000000;1
RU000A100V79;0;20190926;113016;100.060000000;5
RU000A100V79;0;20190926;113016;100.060000000;200
RU000A100V79;0;20190926;113016;100.060000000;1
RU000A100V79;0;20190926;113016;100.060000000;50
RU000A100V79;0;20190926;113016;100.050000000;15000
RU000A100V79;0;20190926;113016;100.050000000;10
RU000A100V79;0;20190926;113016;100.050000000;55
RU000A100V79;0;20190926;113139;100.050000000;50
RU000A100V79;0;20190926;113156;100.050000000;5
RU000A100V79;0;20190926;113235;100.050000000;103
RU000A100V79;0;20190926;113546;100.050000000;17
RU000A100V79;0;20190926;113806;100.050000000;102
RU000A100V79;0;20190926;115208;100.050000000;63
RU000A100V79;0;20190926;115301;100.040000000;100
RU000A100V79;0;20190926;115301;100.040000000;50
RU000A100V79;0;20190926;115312;100.040000000;50
RU000A100V79;0;20190926;120047;100.040000000;10
RU000A100V79;0;20190926;120843;100.040000000;25
RU000A100V79;0;20190926;121112;100.040000000;30
RU000A100V79;0;20190926;121245;100.040000000;8
RU000A100V79;0;20190926;121344;100.040000000;40
RU000A100V79;0;20190926;121536;100.040000000;8
RU000A100V79;0;20190926;121744;100.040000000;239
RU000A100V79;0;20190926;121759;100.040000000;2
RU000A100V79;0;20190926;122000;100.040000000;10
RU000A100V79;0;20190926;122015;100.040000000;5
RU000A100V79;0;20190926;122135;100.040000000;6
RU000A100V79;0;20190926;122609;100.040000000;5
RU000A100V79;0;20190926;123139;100.040000000;2
RU000A100V79;0;20190926;123321;100.040000000;1
RU000A100V79;0;20190926;123341;100.040000000;1
RU000A100V79;0;20190926;123759;100.040000000;100
RU000A100V79;0;20190926;123921;100.040000000;5
RU000A100V79;0;20190926;124056;100.040000000;1
RU000A100V79;0;20190926;124912;100.040000000;7
RU000A100V79;0;20190926;124940;100.040000000;5
RU000A100V79;0;20190926;125040;100.040000000;12
RU000A100V79;0;20190926;125208;100.040000000;2
RU000A100V79;0;20190926;130739;100.040000000;76
RU000A100V79;0;20190926;130739;100.040000000;224
RU000A100V79;0;20190926;131635;100.040000000;50
RU000A100V79;0;20190926;131722;100.040000000;100
RU000A100V79;0;20190926;131923;100.040000000;40
RU000A100V79;0;20190926;132714;100.040000000;5
RU000A100V79;0;20190926;134322;100.040000000;199
RU000A100V79;0;20190926;134441;100.040000000;30
RU000A100V79;0;20190926;134519;100.040000000;150
RU000A100V79;0;20190926;134555;100.040000000;50
RU000A100V79;0;20190926;135727;100.040000000;100
RU000A100V79;0;20190926;135731;100.040000000;52
RU000A100V79;0;20190926;135849;100.050000000;3700
RU000A100V79;0;20190926;135922;100.050000000;3605
RU000A100V79;0;20190926;135943;100.050000000;100
RU000A100V79;0;20190926;141154;100.050000000;2
RU000A100V79;0;20190926;141705;100.050000000;150
RU000A100V79;0;20190926;142008;100.050000000;10
RU000A100V79;0;20190926;142357;100.050000000;1
RU000A100V79;0;20190926;142656;100.050000000;37
RU000A100V79;0;20190926;142817;100.050000000;51
RU000A100V79;0;20190926;143046;100.050000000;1
RU000A100V79;0;20190926;143207;100.050000000;1
RU000A100V79;0;20190926;143227;100.050000000;21
RU000A100V79;0;20190926;143323;100.050000000;5
RU000A100V79;0;20190926;143346;100.050000000;27
RU000A100V79;0;20190926;143429;100.050000000;1
RU000A100V79;0;20190926;143734;100.050000000;2
RU000A100V79;0;20190926;144914;100.050000000;22
RU000A100V79;0;20190926;145208;100.050000000;30
RU000A100V79;0;20190926;145325;100.050000000;10
RU000A100V79;0;20190926;145337;100.050000000;1000
RU000A100V79;0;20190926;145747;100.050000000;20
RU000A100V79;0;20190926;150120;100.050000000;100
RU000A100V79;0;20190926;150834;100.050000000;1
RU000A100V79;0;20190926;150910;100.050000000;10
RU000A100V79;0;20190926;152324;100.050000000;300
RU000A100V79;0;20190926;152400;100.050000000;13
RU000A100V79;0;20190926;152615;100.040000000;6
RU000A100V79;0;20190926;152721;100.090000000;35
RU000A100V79;0;20190926;152842;100.090000000;20
RU000A100V79;0;20190926;154050;100.090000000;4
RU000A100V79;0;20190926;160321;100.090000000;42
RU000A100V79;0;20190926;164201;100.080000000;50
RU000A100V79;0;20190926;164201;100.080000000;50
RU000A100V79;0;20190926;164201;100.090000000;200
RU000A100V79;0;20190926;164550;100.060000000;3
RU000A100V79;0;20190926;164550;100.060000000;305
RU000A100V79;0;20190926;165206;100.060000000;60
RU000A100V79;0;20190926;165206;100.060000000;40
RU000A100V79;0;20190926;165508;100.090000000;870
RU000A100V79;0;20190926;171153;100.090000000;5
RU000A100V79;0;20190926;171740;100.090000000;10
RU000A100V79;0;20190926;171841;100.090000000;3
RU000A100V79;0;20190926;173637;100.080000000;5
RU000A100V79;0;20190926;174711;100.080000000;60
RU000A100V79;0;20190926;175244;100.080000000;1
RU000A100V79;0;20190926;181211;100.080000000;175
RU000A100V79;0;20190926;181223;100.080000000;59
RU000A100V79;0;20190926;181236;100.100000000;126
RU000A100V79;0;20190926;182706;100.100000000;10
RU000A100V79;0;20190927;100151;100.100000000;20
RU000A100V79;0;20190927;100442;100.090000000;43
RU000A100V79;0;20190927;102729;100.090000000;64
RU000A100V79;0;20190927;102741;100.090000000;2
RU000A100V79;0;20190927;103942;100.070000000;10
RU000A100V79;0;20190927;104554;100.070000000;10
RU000A100V79;0;20190927;104729;100.070000000;10
RU000A100V79;0;20190927;105138;100.070000000;30
RU000A100V79;0;20190927;110123;100.070000000;10
RU000A100V79;0;20190927;110645;100.070000000;30
RU000A100V79;0;20190927;112056;100.070000000;5
RU000A100V79;0;20190927;112311;100.070000000;3
RU000A100V79;0;20190927;112622;100.070000000;392
RU000A100V79;0;20190927;114544;100.090000000;150
RU000A100V79;0;20190927;120031;100.070000000;1
RU000A100V79;0;20190927;121201;100.090000000;1
RU000A100V79;0;20190927;121730;100.090000000;1
RU000A100V79;0;20190927;122841;100.090000000;5
RU000A100V79;0;20190927;123718;100.090000000;5
RU000A100V79;0;20190927;124605;100.090000000;88
RU000A100V79;0;20190927;125250;100.100000000;99
RU000A100V79;0;20190927;130258;100.090000000;7
RU000A100V79;0;20190927;130432;100.090000000;32
RU000A100V79;0;20190927;130722;100.090000000;261
RU000A100V79;0;20190927;130817;100.100000000;260
RU000A100V79;0;20190927;131107;100.100000000;13
RU000A100V79;0;20190927;131710;100.100000000;335
RU000A100V79;0;20190927;131754;100.100000000;2920
RU000A100V79;0;20190927;131939;100.100000000;329
RU000A100V79;0;20190927;131954;100.100000000;110
RU000A100V79;0;20190927;132403;100.090000000;100
RU000A100V79;0;20190927;132732;100.100000000;100
RU000A100V79;0;20190927;133510;100.090000000;1500
RU000A100V79;0;20190927;133510;100.100000000;500
RU000A100V79;0;20190927;135144;100.100000000;200
RU000A100V79;0;20190927;140903;100.100000000;41
RU000A100V79;0;20190927;141102;100.100000000;130
RU000A100V79;0;20190927;143932;100.080000000;1
RU000A100V79;0;20190927;143932;100.070000000;107
RU000A100V79;0;20190927;143932;100.070000000;30
RU000A100V79;0;20190927;143932;100.070000000;3
RU000A100V79;0;20190927;143932;100.070000000;2
RU000A100V79;0;20190927;143932;100.060000000;1
RU000A100V79;0;20190927;143932;100.060000000;1
RU000A100V79;0;20190927;143932;100.060000000;20
RU000A100V79;0;20190927;143932;100.060000000;40
RU000A100V79;0;20190927;143932;100.060000000;30
RU000A100V79;0;20190927;143932;100.060000000;50
RU000A100V79;0;20190927;143932;100.060000000;71
RU000A100V79;0;20190927;143932;100.060000000;150
RU000A100V79;0;20190927;143932;100.050000000;2494
RU000A100V79;0;20190927;144847;100.090000000;51
RU000A100V79;0;20190927;145554;100.090000000;10
RU000A100V79;0;20190927;150920;100.090000000;1
RU000A100V79;0;20190927;151114;100.090000000;2
RU000A100V79;0;20190927;151706;100.090000000;83
RU000A100V79;0;20190927;153909;100.080000000;17
RU000A100V79;0;20190927;154759;100.080000000;1
RU000A100V79;0;20190927;155040;100.080000000;2
RU000A100V79;0;20190927;155352;100.080000000;40
RU000A100V79;0;20190927;160043;100.080000000;1
RU000A100V79;0;20190927;160126;100.080000000;39
RU000A100V79;0;20190927;160141;100.090000000;461
RU000A100V79;0;20190927;161808;100.090000000;10
RU000A100V79;0;20190927;163611;100.090000000;10382
RU000A100V79;0;20190927;163611;100.090000000;1956
RU000A100V79;0;20190927;163723;100.090000000;20
RU000A100V79;0;20190927;164521;100.090000000;50
RU000A100V79;0;20190927;164802;100.090000000;2
RU000A100V79;0;20190927;165927;100.060000000;1
RU000A100V79;0;20190927;172905;100.090000000;11
RU000A100V79;0;20190927;173122;100.090000000;150
RU000A100V79;0;20190927;173942;100.090000000;7
RU000A100V79;0;20190927;174704;100.090000000;524
RU000A100V79;0;20190927;174704;100.090000000;8321
RU000A100V79;0;20190927;174704;100.090000000;2450
RU000A100V79;0;20190927;174800;100.080000000;300
RU000A100V79;0;20190927;175159;100.070000000;1
RU000A100V79;0;20190927;175159;100.070000000;500
RU000A100V79;0;20190927;183643;100.070000000;8
RU000A100V79;0;20190927;183643;100.080000000;192
RU000A100V79;0;20190927;183843;100.080000000;260
RU000A100V79;0;20190927;184224;100.080000000;555
RU000A100V79;0;20190927;184404;100.080000000;310
RU000A100V79;0;20190927;184419;100.080000000;10
RU000A100V79;0;20190930;100003;100.100000000;1
RU000A100V79;0;20190930;100039;100.100000000;5
RU000A100V79;0;20190930;100111;100.100000000;200
RU000A100V79;0;20190930;101041;100.090000000;1
RU000A100V79;0;20190930;102020;100.080000000;20
RU000A100V79;0;20190930;102020;100.080000000;5
RU000A100V79;0;20190930;102020;100.060000000;50
RU000A100V79;0;20190930;102020;100.060000000;20
RU000A100V79;0;20190930;102020;100.060000000;46
RU000A100V79;0;20190930;102020;100.060000000;1
RU000A100V79;0;20190930;102020;100.050000000;35
RU000A100V79;0;20190930;102020;100.050000000;152
RU000A100V79;0;20190930;102250;100.090000000;1
RU000A100V79;0;20190930;103444;100.090000000;23
RU000A100V79;0;20190930;103802;100.080000000;150
RU000A100V79;0;20190930;104028;100.080000000;16
RU000A100V79;0;20190930;104029;100.080000000;4
RU000A100V79;0;20190930;104202;100.080000000;1
RU000A100V79;0;20190930;104455;100.080000000;2
RU000A100V79;0;20190930;104939;100.060000000;20
RU000A100V79;0;20190930;104949;100.060000000;40
RU000A100V79;0;20190930;110436;100.090000000;1
RU000A100V79;0;20190930;110600;100.090000000;13
RU000A100V79;0;20190930;110732;100.090000000;1
RU000A100V79;0;20190930;111208;100.050000000;48
RU000A100V79;0;20190930;111208;100.050000000;945
RU000A100V79;0;20190930;111208;100.050000000;50
RU000A100V79;0;20190930;111208;100.050000000;30
RU000A100V79;0;20190930;111208;100.040000000;20
RU000A100V79;0;20190930;111208;100.040000000;5
RU000A100V79;0;20190930;111208;100.030000000;50
RU000A100V79;0;20190930;111208;100.030000000;55
RU000A100V79;0;20190930;111208;100.030000000;1250
RU000A100V79;0;20190930;111208;100.030000000;10
RU000A100V79;0;20190930;111208;100.020000000;10
RU000A100V79;0;20190930;111208;100.010000000;5
RU000A100V79;0;20190930;111208;100.010000000;50
RU000A100V79;0;20190930;111208;100.010000000;720
RU000A100V79;0;20190930;111208;100.000000000;500
RU000A100V79;0;20190930;111208;100.000000000;10
RU000A100V79;0;20190930;111208;100.000000000;10
RU000A100V79;0;20190930;111208;100.000000000;304
RU000A100V79;0;20190930;111208;100.000000000;5000
RU000A100V79;0;20190930;111208;100.000000000;10
RU000A100V79;0;20190930;111208;100.000000000;1
RU000A100V79;0;20190930;111228;100.000000000;5
RU000A100V79;0;20190930;111236;100.000000000;555
RU000A100V79;0;20190930;111357;100.000000000;50
RU000A100V79;0;20190930;111435;100.000000000;15
RU000A100V79;0;20190930;111445;100.000000000;292
RU000A100V79;0;20190930;111445;100.080000000;1
RU000A100V79;0;20190930;111521;100.080000000;492
RU000A100V79;0;20190930;113833;100.090000000;10
RU000A100V79;0;20190930;113843;100.090000000;25
RU000A100V79;0;20190930;114305;100.090000000;99
RU000A100V79;0;20190930;114456;100.080000000;10
RU000A100V79;0;20190930;114456;100.080000000;100
RU000A100V79;0;20190930;115511;100.080000000;10
RU000A100V79;0;20190930;120149;100.080000000;1
RU000A100V79;0;20190930;121251;100.080000000;5
RU000A100V79;0;20190930;122852;100.080000000;7
RU000A100V79;0;20190930;123507;100.080000000;3
RU000A100V79;0;20190930;124215;100.050000000;10
RU000A100V79;0;20190930;125221;100.080000000;15
RU000A100V79;0;20190930;130124;100.080000000;69
RU000A100V79;0;20190930;130124;100.080000000;13
RU000A100V79;0;20190930;130712;100.080000000;80
RU000A100V79;0;20190930;130948;100.080000000;1
RU000A100V79;0;20190930;131415;100.060000000;8
RU000A100V79;0;20190930;131415;100.050000000;1
RU000A100V79;0;20190930;131415;100.050000000;10
RU000A100V79;0;20190930;131415;100.050000000;90
RU000A100V79;0;20190930;131415;100.050000000;150
RU000A100V79;0;20190930;131415;100.040000000;50
RU000A100V79;0;20190930;131415;100.040000000;100
RU000A100V79;0;20190930;131415;100.020000000;490
RU000A100V79;0;20190930;131415;100.010000000;1
RU000A100V79;0;20190930;131415;100.010000000;1
RU000A100V79;0;20190930;131415;100.000000000;10
RU000A100V79;0;20190930;131415;100.000000000;1
RU000A100V79;0;20190930;131415;100.000000000;100
RU000A100V79;0;20190930;131415;100.000000000;10
RU000A100V79;0;20190930;131415;100.000000000;2100
RU000A100V79;0;20190930;131415;100.000000000;3
RU000A100V79;0;20190930;131415;100.000000000;20
RU000A100V79;0;20190930;131415;99.990000000;12
RU000A100V79;0;20190930;131415;99.990000000;2
RU000A100V79;0;20190930;131415;99.980000000;1
RU000A100V79;0;20190930;131415;99.980000000;1
RU000A100V79;0;20190930;131415;99.980000000;1
RU000A100V79;0;20190930;131415;99.980000000;5
RU000A100V79;0;20190930;131415;99.970000000;10
RU000A100V79;0;20190930;131415;99.970000000;1250
RU000A100V79;0;20190930;131415;99.970000000;10
RU000A100V79;0;20190930;131415;99.970000000;1
RU000A100V79;0;20190930;131415;99.960000000;2
RU000A100V79;0;20190930;131415;99.950000000;15000
RU000A100V79;0;20190930;131435;99.950000000;95
RU000A100V79;0;20190930;131442;99.950000000;465
RU000A100V79;0;20190930;131444;99.900000000;10
RU000A100V79;0;20190930;131547;100.050000000;1
RU000A100V79;0;20190930;131603;100.050000000;2
RU000A100V79;0;20190930;131627;100.040000000;2
RU000A100V79;0;20190930;132335;100.020000000;90
RU000A100V79;0;20190930;132400;100.020000000;1000
RU000A100V79;0;20190930;133746;100.020000000;10
RU000A100V79;0;20190930;134351;100.020000000;10
RU000A100V79;0;20190930;134951;100.020000000;105
RU000A100V79;0;20190930;135839;100.010000000;10
RU000A100V79;0;20190930;135911;100.000000000;4
RU000A100V79;0;20190930;135911;100.000000000;20
RU000A100V79;0;20190930;135911;100.000000000;24
RU000A100V79;0;20190930;135911;100.000000000;5
RU000A100V79;0;20190930;135911;100.000000000;10
RU000A100V79;0;20190930;135911;100.000000000;20
RU000A100V79;0;20190930;135911;100.000000000;10
RU000A100V79;0;20190930;135957;99.990000000;3
RU000A100V79;0;20190930;135957;99.990000000;30
RU000A100V79;0;20190930;140016;99.980000000;5
RU000A100V79;0;20190930;140027;99.980000000;159
RU000A100V79;0;20190930;140202;100.020000000;1
RU000A100V79;0;20190930;140425;100.020000000;52
RU000A100V79;0;20190930;140438;100.020000000;1
RU000A100V79;0;20190930;141451;100.000000000;2
RU000A100V79;0;20190930;141451;100.000000000;50
RU000A100V79;0;20190930;141451;100.000000000;14
RU000A100V79;0;20190930;141451;99.980000000;341
RU000A100V79;0;20190930;141451;99.960000000;1
RU000A100V79;0;20190930;141451;99.950000000;10
RU000A100V79;0;20190930;141451;99.930000000;50
RU000A100V79;0;20190930;141451;99.920000000;10
RU000A100V79;0;20190930;141451;99.910000000;25
RU000A100V79;0;20190930;141451;99.910000000;15
RU000A100V79;0;20190930;141451;99.900000000;222
RU000A100V79;0;20190930;141451;99.900000000;20
RU000A100V79;0;20190930;141451;99.900000000;20000
RU000A100V79;0;20190930;141509;99.900000000;1
RU000A100V79;0;20190930;141524;99.900000000;22
RU000A100V79;0;20190930;141525;99.900000000;4
RU000A100V79;0;20190930;141537;99.900000000;111
RU000A100V79;0;20190930;141557;99.900000000;102
RU000A100V79;0;20190930;141557;100.010000000;9
RU000A100V79;0;20190930;142059;100.010000000;16
RU000A100V79;0;20190930;142059;100.010000000;5
RU000A100V79;0;20190930;142137;100.020000000;79
RU000A100V79;0;20190930;143247;100.020000000;140
RU000A100V79;0;20190930;145421;100.020000000;1
RU000A100V79;0;20190930;145619;100.020000000;100
RU000A100V79;0;20190930;145628;100.020000000;50
RU000A100V79;0;20190930;150718;100.020000000;75
RU000A100V79;0;20190930;150822;100.020000000;28
RU000A100V79;0;20190930;150849;100.020000000;1
RU000A100V79;0;20190930;151157;100.020000000;2
RU000A100V79;0;20190930;151522;100.020000000;2
RU000A100V79;0;20190930;151625;100.020000000;68
RU000A100V79;0;20190930;152820;100.010000000;1
RU000A100V79;0;20190930;152820;100.000000000;1
RU000A100V79;0;20190930;152820;100.000000000;25
RU000A100V79;0;20190930;152820;100.000000000;9
RU000A100V79;0;20190930;152820;100.000000000;1
RU000A100V79;0;20190930;152820;100.000000000;300
RU000A100V79;0;20190930;152820;100.000000000;3
RU000A100V79;0;20190930;152820;100.000000000;8
RU000A100V79;0;20190930;152838;99.990000000;1
RU000A100V79;0;20190930;152838;99.980000000;1
RU000A100V79;0;20190930;152838;99.970000000;1
RU000A100V79;0;20190930;152838;99.960000000;1
RU000A100V79;0;20190930;152838;99.950000000;1
RU000A100V79;0;20190930;152838;99.940000000;1
RU000A100V79;0;20190930;152838;99.940000000;1
RU000A100V79;0;20190930;152838;99.940000000;10
RU000A100V79;0;20190930;152838;99.930000000;1
RU000A100V79;0;20190930;152838;99.930000000;250
RU000A100V79;0;20190930;152838;99.930000000;5
RU000A100V79;0;20190930;152838;99.920000000;1
RU000A100V79;0;20190930;152838;99.920000000;2
RU000A100V79;0;20190930;152838;99.920000000;1000
RU000A100V79;0;20190930;152838;99.910000000;1
RU000A100V79;0;20190930;152838;99.910000000;1
RU000A100V79;0;20190930;152838;99.910000000;10
RU000A100V79;0;20190930;152838;99.910000000;1
RU000A100V79;0;20190930;152838;99.900000000;2
RU000A100V79;0;20190930;152838;99.900000000;20
RU000A100V79;0;20190930;152838;99.900000000;2
RU000A100V79;0;20190930;152838;99.900000000;55
RU000A100V79;0;20190930;152838;99.900000000;1185
RU000A100V79;0;20190930;152924;99.900000000;100
RU000A100V79;0;20190930;153058;99.900000000;111
RU000A100V79;0;20190930;153059;99.900000000;16
RU000A100V79;0;20190930;153112;99.900000000;22
RU000A100V79;0;20190930;153116;99.900000000;8
RU000A100V79;0;20190930;153121;99.900000000;12
RU000A100V79;0;20190930;153128;99.900000000;22
RU000A100V79;0;20190930;153245;99.900000000;2
RU000A100V79;0;20190930;153550;99.900000000;100
RU000A100V79;0;20190930;153621;99.900000000;2
RU000A100V79;0;20190930;153635;99.900000000;10
RU000A100V79;0;20190930;153753;99.900000000;25
RU000A100V79;0;20190930;153754;99.900000000;17
RU000A100V79;0;20190930;153847;100.020000000;1
RU000A100V79;0;20190930;153954;100.010000000;1
RU000A100V79;0;20190930;153954;100.000000000;1
RU000A100V79;0;20190930;153954;99.990000000;1
RU000A100V79;0;20190930;153954;99.980000000;1
RU000A100V79;0;20190930;153954;99.970000000;1
RU000A100V79;0;20190930;153954;99.960000000;1
RU000A100V79;0;20190930;153954;99.950000000;1
RU000A100V79;0;20190930;153954;99.940000000;1
RU000A100V79;0;20190930;153954;99.930000000;1
RU000A100V79;0;20190930;153954;99.920000000;1
RU000A100V79;0;20190930;153954;99.910000000;1
RU000A100V79;0;20190930;153954;99.900000000;983
RU000A100V79;0;20190930;153954;99.900000000;1
RU000A100V79;0;20190930;154000;99.900000000;25
RU000A100V79;0;20190930;154000;100.040000000;1
RU000A100V79;0;20190930;154728;100.040000000;1
RU000A100V79;0;20190930;154839;100.040000000;1
RU000A100V79;0;20190930;155954;100.040000000;75
RU000A100V79;0;20190930;160638;100.040000000;10
RU000A100V79;0;20190930;161404;100.040000000;50
RU000A100V79;0;20190930;161548;100.040000000;5
RU000A100V79;0;20190930;162101;100.040000000;1
RU000A100V79;0;20190930;162615;100.030000000;1
RU000A100V79;0;20190930;162615;100.000000000;1
RU000A100V79;0;20190930;162615;100.000000000;10
RU000A100V79;0;20190930;162615;100.000000000;1
RU000A100V79;0;20190930;162615;100.000000000;37
RU000A100V79;0;20190930;162615;100.000000000;10
RU000A100V79;0;20190930;162615;100.000000000;40
RU000A100V79;0;20190930;162615;99.980000000;1
RU000A100V79;0;20190930;162615;99.980000000;30
RU000A100V79;0;20190930;162615;99.970000000;1
RU000A100V79;0;20190930;162615;99.970000000;30
RU000A100V79;0;20190930;162615;99.960000000;1
RU000A100V79;0;20190930;162615;99.950000000;1
RU000A100V79;0;20190930;162615;99.930000000;1
RU000A100V79;0;20190930;162615;99.920000000;1
RU000A100V79;0;20190930;162615;99.910000000;1
RU000A100V79;0;20190930;162615;99.910000000;10
RU000A100V79;0;20190930;162615;99.900000000;1
RU000A100V79;0;20190930;162615;99.900000000;56
RU000A100V79;0;20190930;162615;99.900000000;10
RU000A100V79;0;20190930;162615;99.900000000;1
RU000A100V79;0;20190930;162615;99.900000000;10
RU000A100V79;0;20190930;162615;99.890000000;2
RU000A100V79;0;20190930;162615;99.890000000;8
RU000A100V79;0;20190930;162615;99.890000000;5
RU000A100V79;0;20190930;162615;99.880000000;15
RU000A100V79;0;20190930;162615;99.880000000;1
RU000A100V79;0;20190930;162615;99.880000000;5
RU000A100V79;0;20190930;162615;99.860000000;1
RU000A100V79;0;20190930;162615;99.860000000;1
RU000A100V79;0;20190930;162615;99.860000000;501
RU000A100V79;0;20190930;162615;99.860000000;501
RU000A100V79;0;20190930;162615;99.860000000;7
RU000A100V79;0;20190930;162615;99.860000000;100
RU000A100V79;0;20190930;162615;99.850000000;5000
RU000A100V79;0;20190930;162615;99.850000000;1
RU000A100V79;0;20190930;162615;99.850000000;5000
RU000A100V79;0;20190930;162629;99.850000000;30
RU000A100V79;0;20190930;162642;99.850000000;567
RU000A100V79;0;20190930;162647;100.040000000;2
RU000A100V79;0;20190930;162712;100.030000000;1
RU000A100V79;0;20190930;162712;100.000000000;1
RU000A100V79;0;20190930;162712;99.900000000;1233
RU000A100V79;0;20190930;162718;100.040000000;1
RU000A100V79;0;20190930;162737;100.030000000;1
RU000A100V79;0;20190930;162830;100.040000000;1
RU000A100V79;0;20190930;163039;100.040000000;16
RU000A100V79;0;20190930;163328;100.040000000;10
RU000A100V79;0;20190930;163335;100.040000000;1
RU000A100V79;0;20190930;163444;100.040000000;40
RU000A100V79;0;20190930;163631;100.040000000;15
RU000A100V79;0;20190930;163632;100.040000000;100
RU000A100V79;0;20190930;163658;100.040000000;300
RU000A100V79;0;20190930;163733;100.040000000;5
RU000A100V79;0;20190930;164551;100.040000000;400
RU000A100V79;0;20190930;165125;100.040000000;100
RU000A100V79;0;20190930;165316;100.040000000;5
RU000A100V79;0;20190930;171317;100.040000000;30
RU000A100V79;0;20190930;172045;100.040000000;100
RU000A100V79;0;20190930;172238;100.040000000;103
RU000A100V79;0;20190930;172444;100.040000000;100
RU000A100V79;0;20190930;172943;100.030000000;1
RU000A100V79;0;20190930;172943;100.000000000;1
RU000A100V79;0;20190930;172943;100.000000000;10
RU000A100V79;0;20190930;172943;100.000000000;2279
RU000A100V79;0;20190930;173554;100.040000000;76
RU000A100V79;0;20190930;173809;100.040000000;26
RU000A100V79;0;20190930;173944;100.000000000;671
RU000A100V79;0;20190930;173944;100.000000000;199
RU000A100V79;0;20190930;174045;100.050000000;1
RU000A100V79;0;20190930;174200;100.050000000;50
RU000A100V79;0;20190930;174423;100.050000000;5
RU000A100V79;0;20190930;175542;100.050000000;1
RU000A100V79;0;20190930;175859;100.050000000;3
RU000A100V79;0;20190930;180244;100.050000000;1408
RU000A100V79;0;20190930;182833;100.050000000;2
RU000A100V79;0;20191001;100249;100.050000000;20
RU000A100V79;0;20191001;100409;100.050000000;2
RU000A100V79;0;20191001;100600;100.050000000;1
RU000A100V79;0;20191001;100704;100.050000000;20
RU000A100V79;0;20191001;100801;100.050000000;140
RU000A100V79;0;20191001;100958;100.050000000;10
RU000A100V79;0;20191001;101519;100.050000000;2
RU000A100V79;0;20191001;101617;100.000000000;1
RU000A100V79;0;20191001;101617;100.000000000;1
RU000A100V79;0;20191001;101730;100.050000000;24
RU000A100V79;0;20191001;102623;100.050000000;5
RU000A100V79;0;20191001;102633;100.040000000;44
RU000A100V79;0;20191001;103101;100.040000000;2
RU000A100V79;0;20191001;104647;100.030000000;20
RU000A100V79;0;20191001;104743;100.030000000;3
RU000A100V79;0;20191001;105120;100.030000000;27
RU000A100V79;0;20191001;105120;100.040000000;142
RU000A100V79;0;20191001;105120;100.050000000;809
RU000A100V79;0;20191001;105709;100.050000000;2
RU000A100V79;0;20191001;105938;100.050000000;1
RU000A100V79;0;20191001;110309;100.050000000;37
RU000A100V79;0;20191001;111833;100.000000000;50
RU000A100V79;0;20191001;112038;100.000000000;5
RU000A100V79;0;20191001;114657;100.050000000;3
RU000A100V79;0;20191001;114718;100.050000000;25
RU000A100V79;0;20191001;114813;100.050000000;5
RU000A100V79;0;20191001;115115;100.050000000;1
RU000A100V79;0;20191001;115410;100.050000000;1
RU000A100V79;0;20191001;120459;100.050000000;100
RU000A100V79;0;20191001;122122;100.050000000;7
RU000A100V79;0;20191001;123541;100.050000000;1
RU000A100V79;0;20191001;124133;100.030000000;1
RU000A100V79;0;20191001;125656;100.050000000;1
RU000A100V79;0;20191001;130415;100.040000000;1
RU000A100V79;0;20191001;130501;100.030000000;1
RU000A100V79;0;20191001;130508;100.050000000;2203
RU000A100V79;0;20191001;130517;100.010000000;7
RU000A100V79;0;20191001;130517;100.010000000;3
RU000A100V79;0;20191001;130517;100.010000000;25
RU000A100V79;0;20191001;130517;100.010000000;1
RU000A100V79;0;20191001;130517;100.010000000;7
RU000A100V79;0;20191001;130603;100.000000000;5
RU000A100V79;0;20191001;131002;100.010000000;2
RU000A100V79;0;20191001;131036;100.000000000;151
RU000A100V79;0;20191001;131036;100.000000000;4
RU000A100V79;0;20191001;131036;100.000000000;1
RU000A100V79;0;20191001;131036;100.000000000;7
RU000A100V79;0;20191001;131036;100.000000000;6
RU000A100V79;0;20191001;131036;100.000000000;18
RU000A100V79;0;20191001;131036;100.000000000;3
RU000A100V79;0;20191001;131036;100.000000000;73
RU000A100V79;0;20191001;131036;100.000000000;95
RU000A100V79;0;20191001;131036;100.000000000;10
RU000A100V79;0;20191001;131036;100.000000000;20
RU000A100V79;0;20191001;131036;100.000000000;11
RU000A100V79;0;20191001;131036;100.000000000;3
RU000A100V79;0;20191001;131036;100.000000000;250
RU000A100V79;0;20191001;131036;100.000000000;2
RU000A100V79;0;20191001;131042;100.000000000;1
RU000A100V79;0;20191001;131459;100.000000000;20
RU000A100V79;0;20191001;131933;100.000000000;14
RU000A100V79;0;20191001;132005;100.000000000;14
RU000A100V79;0;20191001;132123;100.040000000;200
RU000A100V79;0;20191001;132308;100.030000000;10
RU000A100V79;0;20191001;132413;100.040000000;25
RU000A100V79;0;20191001;133232;100.040000000;400
RU000A100V79;0;20191001;134903;100.040000000;10
RU000A100V79;0;20191001;134916;100.040000000;1
RU000A100V79;0;20191001;134920;100.040000000;399
RU000A100V79;0;20191001;135451;100.040000000;15
RU000A100V79;0;20191001;135639;100.040000000;100
RU000A100V79;0;20191001;140841;100.040000000;50
RU000A100V79;0;20191001;141240;100.040000000;31
RU000A100V79;0;20191001;141614;100.030000000;50
RU000A100V79;0;20191001;142522;100.030000000;1
RU000A100V79;0;20191001;142718;100.030000000;5
RU000A100V79;0;20191001;143330;100.020000000;10
RU000A100V79;0;20191001;143330;100.020000000;50
RU000A100V79;0;20191001;143330;100.010000000;100
RU000A100V79;0;20191001;143330;100.000000000;5
RU000A100V79;0;20191001;143330;100.000000000;20
RU000A100V79;0;20191001;143330;100.000000000;1
RU000A100V79;0;20191001;143330;100.000000000;100
RU000A100V79;0;20191001;143330;100.000000000;100
RU000A100V79;0;20191001;144242;100.020000000;15
RU000A100V79;0;20191001;144749;100.020000000;490
RU000A100V79;0;20191001;145118;100.020000000;13
RU000A100V79;0;20191001;145209;100.010000000;1
RU000A100V79;0;20191001;145722;100.020000000;1
RU000A100V79;0;20191001;151931;100.020000000;500
RU000A100V79;0;20191001;152306;100.020000000;500
RU000A100V79;0;20191001;152707;100.020000000;3
RU000A100V79;0;20191001;154402;100.020000000;20
RU000A100V79;0;20191001;154923;100.020000000;3
RU000A100V79;0;20191001;155056;100.020000000;36
RU000A100V79;0;20191001;155457;100.020000000;1
RU000A100V79;0;20191001;155508;100.020000000;1
RU000A100V79;0;20191001;155512;100.020000000;1
RU000A100V79;0;20191001;155554;100.020000000;1
RU000A100V79;0;20191001;160520;100.020000000;50
RU000A100V79;0;20191001;160640;100.020000000;1948
RU000A100V79;0;20191001;160640;100.030000000;2944
RU000A100V79;0;20191001;160640;100.040000000;10
RU000A100V79;0;20191001;160640;100.050000000;1861
RU000A100V79;0;20191001;160945;100.050000000;1000
RU000A100V79;0;20191001;163352;100.040000000;1
RU000A100V79;0;20191001;163425;100.040000000;49
RU000A100V79;0;20191001;164232;100.050000000;1
RU000A100V79;0;20191001;164605;100.050000000;20
RU000A100V79;0;20191001;172151;100.050000000;20
RU000A100V79;0;20191001;174002;100.050000000;3
RU000A100V79;0;20191001;174229;100.050000000;300
RU000A100V79;0;20191001;174943;100.050000000;400
RU000A100V79;0;20191001;181915;100.040000000;20
RU000A100V79;0;20191001;182324;100.020000000;3
RU000A100V79;0;20191001;183735;100.040000000;20
RU000A100V79;0;20191001;183830;100.040000000;841
RU000A100V79;0;20191001;183830;100.050000000;2475
RU000A100V79;0;20191001;183830;100.050000000;200
RU000A100V79;0;20191001;184016;100.050000000;1384
RU000A100V79;0;20191002;095959;100.050000000;25
RU000A100V79;0;20191002;100144;100.050000000;80
RU000A100V79;0;20191002;100646;100.050000000;3113
RU000A100V79;0;20191002;100806;100.040000000;50
RU000A100V79;0;20191002;100857;100.040000000;1
RU000A100V79;0;20191002;101047;100.040000000;25
RU000A100V79;0;20191002;101401;100.040000000;2
RU000A100V79;0;20191002;101809;100.020000000;2
RU000A100V79;0;20191002;101809;100.000000000;30
RU000A100V79;0;20191002;102112;100.000000000;81
RU000A100V79;0;20191002;102717;100.040000000;22
RU000A100V79;0;20191002;102916;99.980000000;1
RU000A100V79;0;20191002;102941;99.970000000;2
RU000A100V79;0;20191002;104220;99.980000000;1
RU000A100V79;0;20191002;104220;99.980000000;1
RU000A100V79;0;20191002;104345;100.040000000;1
RU000A100V79;0;20191002;104355;99.980000000;4
RU000A100V79;0;20191002;104355;99.970000000;14
RU000A100V79;0;20191002;110112;100.030000000;25
RU000A100V79;0;20191002;111016;100.030000000;1
RU000A100V79;0;20191002;111214;100.020000000;50
RU000A100V79;0;20191002;111245;100.030000000;1
RU000A100V79;0;20191002;111317;100.030000000;3
RU000A100V79;0;20191002;111323;100.030000000;34
RU000A100V79;0;20191002;112502;100.030000000;240
RU000A100V79;0;20191002;113157;100.040000000;10
RU000A100V79;0;20191002;113217;100.040000000;1
RU000A100V79;0;20191002;114007;100.020000000;15
RU000A100V79;0;20191002;114907;100.040000000;50
RU000A100V79;0;20191002;115425;100.040000000;70
RU000A100V79;0;20191002;115655;100.040000000;20
RU000A100V79;0;20191002;121244;100.020000000;16
RU000A100V79;0;20191002;121308;100.010000000;4
RU000A100V79;0;20191002;121349;100.010000000;7
RU000A100V79;0;20191002;121349;100.010000000;4
RU000A100V79;0;20191002;122301;100.040000000;148
RU000A100V79;0;20191002;122301;100.040000000;252
RU000A100V79;0;20191002;123656;100.040000000;1
RU000A100V79;0;20191002;123951;100.040000000;7
RU000A100V79;0;20191002;124435;100.040000000;5
RU000A100V79;0;20191002;125306;100.040000000;5
RU000A100V79;0;20191002;125413;100.040000000;1
RU000A100V79;0;20191002;130312;100.040000000;1229
RU000A100V79;0;20191002;130312;100.040000000;500
RU000A100V79;0;20191002;130312;100.050000000;167
RU000A100V79;0;20191002;130313;100.050000000;557
RU000A100V79;0;20191002;130315;100.050000000;997
RU000A100V79;0;20191002;131005;100.040000000;4
RU000A100V79;0;20191002;131131;100.040000000;50
RU000A100V79;0;20191002;131353;100.040000000;10
RU000A100V79;0;20191002;131944;100.040000000;1
RU000A100V79;0;20191002;133911;100.040000000;1
RU000A100V79;0;20191002;134501;100.040000000;1
RU000A100V79;0;20191002;140520;100.040000000;50
RU000A100V79;0;20191002;140929;100.040000000;25
RU000A100V79;0;20191002;141758;100.040000000;50
RU000A100V79;0;20191002;142305;100.040000000;2
RU000A100V79;0;20191002;142739;100.040000000;3
RU000A100V79;0;20191002;142817;100.040000000;50
RU000A100V79;0;20191002;142934;100.040000000;50
RU000A100V79;0;20191002;143402;100.040000000;550
RU000A100V79;0;20191002;143526;100.040000000;2
RU000A100V79;0;20191002;144553;100.030000000;100
RU000A100V79;0;20191002;144553;100.030000000;2
RU000A100V79;0;20191002;145200;100.030000000;1
RU000A100V79;0;20191002;145305;100.020000000;27
RU000A100V79;0;20191002;145305;100.020000000;5
RU000A100V79;0;20191002;145305;100.010000000;46
RU000A100V79;0;20191002;145305;100.010000000;1
RU000A100V79;0;20191002;145305;100.000000000;10
RU000A100V79;0;20191002;145305;100.000000000;1
RU000A100V79;0;20191002;145305;100.000000000;5
RU000A100V79;0;20191002;145305;100.000000000;40
RU000A100V79;0;20191002;145305;100.000000000;7
RU000A100V79;0;20191002;145305;100.000000000;5
RU000A100V79;0;20191002;145305;100.000000000;5
RU000A100V79;0;20191002;145305;100.000000000;10
RU000A100V79;0;20191002;145305;100.000000000;11
RU000A100V79;0;20191002;145305;100.000000000;227
RU000A100V79;0;20191002;145519;100.030000000;96
RU000A100V79;0;20191002;145652;100.030000000;10
RU000A100V79;0;20191002;145902;100.030000000;152
RU000A100V79;0;20191002;145902;100.030000000;1402
RU000A100V79;0;20191002;152211;100.030000000;10
RU000A100V79;0;20191002;153705;100.030000000;40
RU000A100V79;0;20191002;154604;100.030000000;595
RU000A100V79;0;20191002;154604;100.040000000;675
RU000A100V79;0;20191002;154629;100.040000000;80
RU000A100V79;0;20191002;160719;100.020000000;25
RU000A100V79;0;20191002;161233;100.020000000;3
RU000A100V79;0;20191002;161414;100.020000000;40
RU000A100V79;0;20191002;162428;100.010000000;1
RU000A100V79;0;20191002;163629;100.020000000;2
RU000A100V79;0;20191002;164153;100.030000000;30
RU000A100V79;0;20191002;164153;100.030000000;732
RU000A100V79;0;20191002;164442;100.030000000;1
RU000A100V79;0;20191002;164634;100.030000000;30
RU000A100V79;0;20191002;164959;100.030000000;16
RU000A100V79;0;20191002;170109;100.030000000;1
RU000A100V79;0;20191002;170732;100.030000000;10
RU000A100V79;0;20191002;172059;100.030000000;5
RU000A100V79;0;20191002;174115;100.030000000;100
RU000A100V79;0;20191002;174134;100.030000000;5
RU000A100V79;0;20191002;181320;100.030000000;50
RU000A100V79;0;20191002;183239;100.020000000;5
RU000A100V79;0;20191002;183239;100.020000000;20
RU000A100V79;0;20191002;183239;100.010000000;25
RU000A100V79;0;20191002;183246;100.030000000;50
RU000A100V79;0;20191002;183946;100.010000000;19
RU000A100V79;0;20191002;183946;100.010000000;5
RU000A100V79;0;20191002;183946;100.000000000;28
RU000A100V79;0;20191002;183946;100.000000000;5
RU000A100V79;0;20191002;183946;100.000000000;6
RU000A100V79;0;20191002;183946;100.000000000;1
RU000A100V79;0;20191002;183946;100.000000000;10
RU000A100V79;0;20191003;100442;100.040000000;2
RU000A100V79;0;20191003;100712;100.030000000;6
RU000A100V79;0;20191003;100712;100.030000000;19
RU000A100V79;0;20191003;100712;100.030000000;25
RU000A100V79;0;20191003;100835;100.030000000;1
RU000A100V79;0;20191003;100911;100.030000000;11
RU000A100V79;0;20191003;100911;100.030000000;9
RU000A100V79;0;20191003;101215;100.030000000;2
RU000A100V79;0;20191003;101330;100.030000000;5
RU000A100V79;0;20191003;101330;100.030000000;4
RU000A100V79;0;20191003;101330;100.030000000;1
RU000A100V79;0;20191003;101455;100.030000000;3
RU000A100V79;0;20191003;101758;100.030000000;26
RU000A100V79;0;20191003;101800;100.030000000;2
RU000A100V79;0;20191003;101932;100.030000000;87
RU000A100V79;0;20191003;101932;100.030000000;20
RU000A100V79;0;20191003;101932;100.030000000;12
RU000A100V79;0;20191003;101932;100.030000000;12
RU000A100V79;0;20191003;101932;100.030000000;7
RU000A100V79;0;20191003;102543;100.030000000;3
RU000A100V79;0;20191003;102731;100.030000000;1
RU000A100V79;0;20191003;102805;100.030000000;18
RU000A100V79;0;20191003;102805;100.030000000;2
RU000A100V79;0;20191003;103802;100.020000000;3
RU000A100V79;0;20191003;103802;100.020000000;15
RU000A100V79;0;20191003;103840;100.020000000;4
RU000A100V79;0;20191003;104057;100.020000000;35
RU000A100V79;0;20191003;104237;100.010000000;50
RU000A100V79;0;20191003;104237;100.010000000;51
RU000A100V79;0;20191003;104237;100.010000000;1000
RU000A100V79;0;20191003;104430;100.020000000;2
RU000A100V79;0;20191003;104520;100.020000000;41
RU000A100V79;0;20191003;104520;100.020000000;9
RU000A100V79;0;20191003;105613;100.020000000;1
RU000A100V79;0;20191003;105931;100.020000000;10
RU000A100V79;0;20191003;111942;100.010000000;10
RU000A100V79;0;20191003;112148;100.000000000;1
RU000A100V79;0;20191003;112148;100.000000000;1
RU000A100V79;0;20191003;112148;100.000000000;3
RU000A100V79;0;20191003;112148;100.000000000;10
RU000A100V79;0;20191003;112148;100.000000000;5
RU000A100V79;0;20191003;112148;100.000000000;50
RU000A100V79;0;20191003;112425;100.010000000;185
RU000A100V79;0;20191003;112544;100.010000000;1
RU000A100V79;0;20191003;113110;100.010000000;10
RU000A100V79;0;20191003;113441;100.000000000;695
RU000A100V79;0;20191003;113842;100.010000000;294
RU000A100V79;0;20191003;113842;100.010000000;706
RU000A100V79;0;20191003;114900;100.010000000;1
RU000A100V79;0;20191003;115130;100.010000000;1
RU000A100V79;0;20191003;115420;100.010000000;7
RU000A100V79;0;20191003;115839;100.010000000;3
RU000A100V79;0;20191003;120702;100.010000000;5
RU000A100V79;0;20191003;120919;100.000000000;195
RU000A100V79;0;20191003;120919;100.000000000;5
RU000A100V79;0;20191003;121559;100.010000000;30
RU000A100V79;0;20191003;121843;100.000000000;5
RU000A100V79;0;20191003;121843;100.000000000;1
RU000A100V79;0;20191003;122317;100.000000000;11
RU000A100V79;0;20191003;122526;100.000000000;7
RU000A100V79;0;20191003;123011;100.000000000;250
RU000A100V79;0;20191003;123033;100.000000000;120
RU000A100V79;0;20191003;123045;100.000000000;50
RU000A100V79;0;20191003;123514;100.000000000;23
RU000A100V79;0;20191003;124521;100.000000000;25
RU000A100V79;0;20191003;125355;100.000000000;998
RU000A100V79;0;20191003;125422;99.990000000;2
RU000A100V79;0;20191003;125422;99.990000000;5
RU000A100V79;0;20191003;125422;99.990000000;1
RU000A100V79;0;20191003;125422;99.990000000;17
RU000A100V79;0;20191003;125554;99.990000000;20
RU000A100V79;0;20191003;125620;100.000000000;390
RU000A100V79;0;20191003;125658;100.000000000;100
RU000A100V79;0;20191003;125658;100.000000000;50
RU000A100V79;0;20191003;130121;100.000000000;140
RU000A100V79;0;20191003;130121;100.000000000;49
RU000A100V79;0;20191003;130121;100.000000000;10000
RU000A100V79;0;20191003;130121;100.000000000;230
RU000A100V79;0;20191003;130135;99.990000000;63
RU000A100V79;0;20191003;130135;99.990000000;4
RU000A100V79;0;20191003;130135;99.990000000;10
RU000A100V79;0;20191003;130135;99.990000000;21
RU000A100V79;0;20191003;130135;99.980000000;299
RU000A100V79;0;20191003;130135;99.980000000;3
RU000A100V79;0;20191003;130135;99.960000000;10
RU000A100V79;0;20191003;130135;99.960000000;127
RU000A100V79;0;20191003;130135;99.960000000;5
RU000A100V79;0;20191003;130135;99.960000000;3
RU000A100V79;0;20191003;130135;99.950000000;1
RU000A100V79;0;20191003;130135;99.950000000;6
RU000A100V79;0;20191003;130135;99.950000000;10
RU000A100V79;0;20191003;130135;99.950000000;49350
RU000A100V79;0;20191003;130135;99.950000000;31
RU000A100V79;0;20191003;130304;100.010000000;100
RU000A100V79;0;20191003;130307;100.010000000;15
RU000A100V79;0;20191003;130350;100.010000000;1
RU000A100V79;0;20191003;131104;100.010000000;3
RU000A100V79;0;20191003;131854;100.000000000;5
RU000A100V79;0;20191003;132835;100.010000000;10
RU000A100V79;0;20191003;133420;100.010000000;5
RU000A100V79;0;20191003;133614;100.010000000;24
RU000A100V79;0;20191003;135033;100.010000000;5
RU000A100V79;0;20191003;135920;100.010000000;10
RU000A100V79;0;20191003;140149;100.010000000;500
RU000A100V79;0;20191003;140320;100.010000000;15
RU000A100V79;0;20191003;140742;100.010000000;10
RU000A100V79;0;20191003;141000;100.010000000;1
RU000A100V79;0;20191003;141652;100.010000000;29
RU000A100V79;0;20191003;144356;100.020000000;10
RU000A100V79;0;20191003;144405;100.020000000;90
RU000A100V79;0;20191003;144405;100.020000000;255
RU000A100V79;0;20191003;153313;100.020000000;50
RU000A100V79;0;20191003;153503;100.020000000;1
RU000A100V79;0;20191003;154025;100.020000000;2050
RU000A100V79;0;20191003;154320;100.020000000;144
RU000A100V79;0;20191003;154320;100.020000000;19
RU000A100V79;0;20191003;154320;100.030000000;23
RU000A100V79;0;20191003;154320;100.030000000;527
RU000A100V79;0;20191003;154320;100.030000000;42
RU000A100V79;0;20191003;154320;100.030000000;410
RU000A100V79;0;20191003;154320;100.030000000;124
RU000A100V79;0;20191003;154320;100.030000000;18
RU000A100V79;0;20191003;154320;100.030000000;10
RU000A100V79;0;20191003;154320;100.030000000;13
RU000A100V79;0;20191003;154320;100.030000000;17
RU000A100V79;0;20191003;154320;100.030000000;85
RU000A100V79;0;20191003;154320;100.030000000;60
RU000A100V79;0;20191003;154320;100.030000000;60
RU000A100V79;0;20191003;154320;100.030000000;129
RU000A100V79;0;20191003;154320;100.030000000;118
RU000A100V79;0;20191003;154320;100.030000000;47
RU000A100V79;0;20191003;154320;100.030000000;252
RU000A100V79;0;20191003;154320;100.030000000;253
RU000A100V79;0;20191003;154320;100.030000000;253
RU000A100V79;0;20191003;154320;100.030000000;2000
RU000A100V79;0;20191003;154320;100.030000000;11
RU000A100V79;0;20191003;154320;100.040000000;3367
RU000A100V79;0;20191003;154424;100.040000000;1496
RU000A100V79;0;20191003;155049;100.040000000;985
RU000A100V79;0;20191003;155213;100.040000000;7
RU000A100V79;0;20191003;160428;100.030000000;1
RU000A100V79;0;20191003;161419;100.030000000;500
RU000A100V79;0;20191003;161514;100.030000000;500
RU000A100V79;0;20191003;161812;100.030000000;42
RU000A100V79;0;20191003;162338;100.030000000;3
RU000A100V79;0;20191003;163528;100.030000000;1
RU000A100V79;0;20191003;163534;100.030000000;125
RU000A100V79;0;20191003;163542;100.030000000;5
RU000A100V79;0;20191003;163549;100.030000000;2
RU000A100V79;0;20191003;164927;100.030000000;50
RU000A100V79;0;20191003;170444;100.030000000;707
RU000A100V79;0;20191003;173926;100.030000000;33
RU000A100V79;0;20191003;174245;100.030000000;100
RU000A100V79;0;20191003;180505;100.030000000;100
RU000A100V79;0;20191003;181342;100.030000000;15
RU000A100V79;0;20191003;181715;100.040000000;10
RU000A100V79;0;20191003;182425;100.040000000;10
RU000A100V79;0;20191003;183250;100.040000000;15
RU000A100V79;0;20191003;183608;100.040000000;5
RU000A100V79;0;20191003;183608;100.040000000;105
RU000A100V79;0;20191003;183731;100.040000000;140
RU000A100V79;0;20191003;183842;100.040000000;40
RU000A100V79;0;20191003;183941;100.040000000;20
RU000A100V79;0;20191004;100116;100.040000000;10
RU000A100V79;0;20191004;100815;100.030000000;2
RU000A100V79;0;20191004;101211;100.030000000;24
RU000A100V79;0;20191004;101328;100.030000000;1
RU000A100V79;0;20191004;101332;100.030000000;2
RU000A100V79;0;20191004;101408;100.030000000;30
RU000A100V79;0;20191004;101529;100.030000000;3
RU000A100V79;0;20191004;102957;100.000000000;1
RU000A100V79;0;20191004;102957;100.000000000;55
RU000A100V79;0;20191004;102957;100.000000000;10
RU000A100V79;0;20191004;102957;100.000000000;1
RU000A100V79;0;20191004;103016;100.000000000;1
RU000A100V79;0;20191004;103024;100.000000000;2
RU000A100V79;0;20191004;103207;100.030000000;10
RU000A100V79;0;20191004;103557;100.030000000;1
RU000A100V79;0;20191004;103628;100.030000000;40
RU000A100V79;0;20191004;104049;100.030000000;1
RU000A100V79;0;20191004;104454;100.030000000;126
RU000A100V79;0;20191004;104722;100.040000000;199
RU000A100V79;0;20191004;104949;100.040000000;2992
RU000A100V79;0;20191004;105452;100.040000000;848
RU000A100V79;0;20191004;105826;100.030000000;374
RU000A100V79;0;20191004;110243;100.030000000;11
RU000A100V79;0;20191004;110326;100.030000000;11
RU000A100V79;0;20191004;110522;100.020000000;1
RU000A100V79;0;20191004;110822;100.020000000;9
RU000A100V79;0;20191004;111055;100.020000000;12
RU000A100V79;0;20191004;111330;100.030000000;13
RU000A100V79;0;20191004;111615;100.030000000;88
RU000A100V79;0;20191004;112903;100.030000000;5
RU000A100V79;0;20191004;112918;100.030000000;30
RU000A100V79;0;20191004;114921;100.030000000;600
RU000A100V79;0;20191004;115416;100.030000000;500
RU000A100V79;0;20191004;115603;100.030000000;4
RU000A100V79;0;20191004;115847;100.030000000;49
RU000A100V79;0;20191004;115914;100.030000000;1
RU000A100V79;0;20191004;120126;100.010000000;1
RU000A100V79;0;20191004;122553;100.030000000;9
RU000A100V79;0;20191004;122802;100.030000000;374
RU000A100V79;0;20191004;125016;100.030000000;1
RU000A100V79;0;20191004;130159;100.030000000;433
RU000A100V79;0;20191004;130935;100.030000000;1
RU000A100V79;0;20191004;131225;100.020000000;2
RU000A100V79;0;20191004;131225;100.010000000;4
RU000A100V79;0;20191004;131225;100.010000000;4
RU000A100V79;0;20191004;131225;100.010000000;40
RU000A100V79;0;20191004;132034;100.030000000;10
RU000A100V79;0;20191004;132251;100.030000000;5
RU000A100V79;0;20191004;132433;100.030000000;100
RU000A100V79;0;20191004;134609;100.010000000;1
RU000A100V79;0;20191004;134622;100.010000000;3
RU000A100V79;0;20191004;140736;100.030000000;381
RU000A100V79;0;20191004;140736;100.030000000;119
RU000A100V79;0;20191004;141253;100.030000000;2
RU000A100V79;0;20191004;141952;100.030000000;27
RU000A100V79;0;20191004;142523;100.030000000;852
RU000A100V79;0;20191004;142523;100.030000000;1000
RU000A100V79;0;20191004;142623;100.040000000;3
RU000A100V79;0;20191004;143230;100.040000000;20
RU000A100V79;0;20191004;145354;100.050000000;1
RU000A100V79;0;20191004;145821;100.050000000;324
RU000A100V79;0;20191004;145848;100.030000000;143
RU000A100V79;0;20191004;150206;100.040000000;18
RU000A100V79;0;20191004;150318;100.040000000;95
RU000A100V79;0;20191004;150350;100.020000000;1
RU000A100V79;0;20191004;150350;100.010000000;12
RU000A100V79;0;20191004;150350;100.010000000;89
RU000A100V79;0;20191004;150350;100.010000000;28
RU000A100V79;0;20191004;151235;100.050000000;25
RU000A100V79;0;20191004;151336;100.050000000;71
RU000A100V79;0;20191004;151402;100.050000000;10
RU000A100V79;0;20191004;152531;100.020000000;10
RU000A100V79;0;20191004;152531;100.010000000;2
RU000A100V79;0;20191004;152531;100.010000000;2
RU000A100V79;0;20191004;152531;100.000000000;1
RU000A100V79;0;20191004;152531;100.000000000;50
RU000A100V79;0;20191004;152531;100.000000000;60
RU000A100V79;0;20191004;152531;100.000000000;3
RU000A100V79;0;20191004;152531;100.000000000;1
RU000A100V79;0;20191004;152531;100.000000000;2
RU000A100V79;0;20191004;152531;100.000000000;2
RU000A100V79;0;20191004;152531;100.000000000;1
RU000A100V79;0;20191004;152531;100.000000000;10
RU000A100V79;0;20191004;152531;100.000000000;24
RU000A100V79;0;20191004;152531;99.990000000;9
RU000A100V79;0;20191004;153143;100.050000000;1
RU000A100V79;0;20191004;154716;100.080000000;3
RU000A100V79;0;20191004;154716;100.080000000;1
RU000A100V79;0;20191004;155031;100.080000000;10
RU000A100V79;0;20191004;161614;100.080000000;1
RU000A100V79;0;20191004;161919;100.080000000;2
RU000A100V79;0;20191004;162007;100.050000000;2
RU000A100V79;0;20191004;164157;100.050000000;23
RU000A100V79;0;20191004;164233;100.080000000;27
RU000A100V79;0;20191004;164803;100.080000000;10
RU000A100V79;0;20191004;170033;100.080000000;1
RU000A100V79;0;20191004;170816;100.080000000;300
RU000A100V79;0;20191004;171829;100.080000000;85
RU000A100V79;0;20191004;172113;100.070000000;136
RU000A100V79;0;20191004;172139;100.080000000;2
RU000A100V79;0;20191004;173938;100.080000000;99
RU000A100V79;0;20191004;173939;100.080000000;800
RU000A100V79;0;20191004;174235;100.080000000;3
RU000A100V79;0;20191004;174530;100.080000000;11
RU000A100V79;0;20191004;175127;100.060000000;5
RU000A100V79;0;20191004;175155;100.040000000;30
RU000A100V79;0;20191004;175448;100.030000000;3
RU000A100V79;0;20191004;175643;100.070000000;2
RU000A100V79;0;20191004;175823;100.010000000;5
RU000A100V79;0;20191004;180017;100.010000000;25
RU000A100V79;0;20191004;180259;100.010000000;5
RU000A100V79;0;20191004;180324;100.080000000;1
RU000A100V79;0;20191004;180513;100.010000000;496
RU000A100V79;0;20191004;180621;100.080000000;3
RU000A100V79;0;20191004;181523;100.080000000;5
RU000A100V79;0;20191004;183923;100.100000000;2
RU000A100V79;0;20191004;183955;100.100000000;236
RU000A100V79;0;20191004;184316;100.100000000;2
RU000A100V79;0;20191007;100107;100.200000000;15
RU000A100V79;0;20191007;101041;100.100000000;9
RU000A100V79;0;20191007;101337;100.100000000;2
RU000A100V79;0;20191007;101528;100.090000000;1
RU000A100V79;0;20191007;101554;100.090000000;118
RU000A100V79;0;20191007;102257;100.090000000;2
RU000A100V79;0;20191007;102641;100.050000000;1
RU000A100V79;0;20191007;102757;100.090000000;154
RU000A100V79;0;20191007;102757;100.090000000;100
RU000A100V79;0;20191007;102757;100.090000000;137
RU000A100V79;0;20191007;103940;100.090000000;5
RU000A100V79;0;20191007;104042;100.090000000;35
RU000A100V79;0;20191007;104831;100.090000000;20
RU000A100V79;0;20191007;105259;100.090000000;7
RU000A100V79;0;20191007;105350;100.090000000;107
RU000A100V79;0;20191007;105600;100.090000000;16
RU000A100V79;0;20191007;105727;100.090000000;1
RU000A100V79;0;20191007;110203;100.070000000;5
RU000A100V79;0;20191007;110203;100.060000000;1
RU000A100V79;0;20191007;110203;100.060000000;5
RU000A100V79;0;20191007;110203;100.050000000;149
RU000A100V79;0;20191007;110439;100.050000000;10
RU000A100V79;0;20191007;110520;100.050000000;89
RU000A100V79;0;20191007;110722;100.050000000;1
RU000A100V79;0;20191007;110925;100.050000000;83
RU000A100V79;0;20191007;111323;100.050000000;2
RU000A100V79;0;20191007;112116;100.050000000;1
RU000A100V79;0;20191007;112527;100.050000000;100
RU000A100V79;0;20191007;113423;100.050000000;17
RU000A100V79;0;20191007;113816;100.020000000;15
RU000A100V79;0;20191007;113816;100.020000000;3
RU000A100V79;0;20191007;113816;100.020000000;66
RU000A100V79;0;20191007;114814;100.030000000;100
RU000A100V79;0;20191007;115135;100.050000000;50
RU000A100V79;0;20191007;115253;100.050000000;21
RU000A100V79;0;20191007;115519;100.030000000;50
RU000A100V79;0;20191007;115535;100.050000000;10
RU000A100V79;0;20191007;115804;100.050000000;1
RU000A100V79;0;20191007;115936;100.050000000;10
RU000A100V79;0;20191007;115945;100.050000000;28
RU000A100V79;0;20191007;121440;100.050000000;10
RU000A100V79;0;20191007;121550;100.050000000;2
RU000A100V79;0;20191007;121827;100.050000000;15
RU000A100V79;0;20191007;122313;100.050000000;100
RU000A100V79;0;20191007;122338;100.050000000;39
RU000A100V79;0;20191007;122642;100.050000000;2
RU000A100V79;0;20191007;123524;100.050000000;1
RU000A100V79;0;20191007;123841;100.050000000;2
RU000A100V79;0;20191007;124207;100.050000000;500
RU000A100V79;0;20191007;124219;100.050000000;50
RU000A100V79;0;20191007;124234;100.050000000;10
RU000A100V79;0;20191007;124258;100.050000000;1
RU000A100V79;0;20191007;125119;100.050000000;50
RU000A100V79;0;20191007;130332;100.050000000;10
RU000A100V79;0;20191007;130652;100.050000000;434
RU000A100V79;0;20191007;131107;100.050000000;100
RU000A100V79;0;20191007;131512;100.050000000;150
RU000A100V79;0;20191007;131536;100.050000000;50
RU000A100V79;0;20191007;131549;100.050000000;50
RU000A100V79;0;20191007;131605;100.050000000;1
RU000A100V79;0;20191007;131853;100.050000000;14
RU000A100V79;0;20191007;131922;100.050000000;25
RU000A100V79;0;20191007;132335;100.050000000;10
RU000A100V79;0;20191007;132741;100.050000000;5
RU000A100V79;0;20191007;133419;100.050000000;1
RU000A100V79;0;20191007;134310;100.050000000;3
RU000A100V79;0;20191007;135212;100.050000000;1
RU000A100V79;0;20191007;140546;100.050000000;1
RU000A100V79;0;20191007;140953;100.050000000;100
RU000A100V79;0;20191007;141245;100.050000000;5
RU000A100V79;0;20191007;141359;100.050000000;50
RU000A100V79;0;20191007;141705;100.050000000;50
RU000A100V79;0;20191007;141837;100.050000000;400
RU000A100V79;0;20191007;142547;100.050000000;10
RU000A100V79;0;20191007;142548;100.050000000;67
RU000A100V79;0;20191007;143216;100.070000000;128
RU000A100V79;0;20191007;143216;100.080000000;10
RU000A100V79;0;20191007;143216;100.080000000;247
RU000A100V79;0;20191007;143241;100.080000000;1578
RU000A100V79;0;20191007;145811;100.080000000;1
RU000A100V79;0;20191007;151427;100.080000000;354
RU000A100V79;0;20191007;152746;100.080000000;1
RU000A100V79;0;20191007;152750;100.080000000;15
RU000A100V79;0;20191007;154354;100.080000000;1
RU000A100V79;0;20191007;154559;100.080000000;30
RU000A100V79;0;20191007;154809;100.080000000;27
RU000A100V79;0;20191007;154831;100.080000000;50
RU000A100V79;0;20191007;155342;100.080000000;1
RU000A100V79;0;20191007;161122;100.080000000;38
RU000A100V79;0;20191007;161128;100.080000000;1
RU000A100V79;0;20191007;161418;100.080000000;50
RU000A100V79;0;20191007;161721;100.080000000;4
RU000A100V79;0;20191007;162606;100.080000000;10
RU000A100V79;0;20191007;162844;100.080000000;9
RU000A100V79;0;20191007;164158;100.080000000;6
RU000A100V79;0;20191007;164216;100.080000000;50
RU000A100V79;0;20191007;164625;100.080000000;3
RU000A100V79;0;20191007;165449;100.080000000;20
RU000A100V79;0;20191007;165522;100.080000000;20
RU000A100V79;0;20191007;170013;100.080000000;28
RU000A100V79;0;20191007;170022;100.080000000;44
RU000A100V79;0;20191007;170117;100.080000000;22
RU000A100V79;0;20191007;170241;100.080000000;3
RU000A100V79;0;20191007;170646;100.080000000;2
RU000A100V79;0;20191007;171548;100.080000000;1
RU000A100V79;0;20191007;172326;100.080000000;43
RU000A100V79;0;20191007;172339;100.080000000;1
RU000A100V79;0;20191007;172409;100.080000000;43
RU000A100V79;0;20191007;172728;100.080000000;50
RU000A100V79;0;20191007;172735;100.070000000;40
RU000A100V79;0;20191007;173419;100.080000000;4
RU000A100V79;0;20191007;173622;100.080000000;39
RU000A100V79;0;20191007;173840;100.080000000;1
RU000A100V79;0;20191007;174331;100.080000000;11
RU000A100V79;0;20191007;174437;100.090000000;39
RU000A100V79;0;20191007;174627;100.090000000;31
RU000A100V79;0;20191007;174909;100.090000000;20
RU000A100V79;0;20191007;175501;100.090000000;1
RU000A100V79;0;20191007;180443;100.090000000;2
RU000A100V79;0;20191007;181336;100.090000000;30
RU000A100V79;0;20191007;181408;100.090000000;25
RU000A100V79;0;20191007;181952;100.090000000;3
RU000A100V79;0;20191007;182138;100.090000000;508
RU000A100V79;0;20191007;182426;100.090000000;3
RU000A100V79;0;20191007;182836;100.080000000;1
RU000A100V79;0;20191007;183406;100.090000000;50
RU000A100V79;0;20191007;183517;100.090000000;1
RU000A100V79;0;20191007;183520;100.090000000;50
RU000A100V79;0;20191007;183718;100.090000000;27
RU000A100V79;0;20191007;183747;100.090000000;3
RU000A100V79;0;20191007;184002;100.090000000;4
RU000A100V79;0;20191007;184437;100.090000000;17
RU000A100V79;0;20191007;184437;100.090000000;10
RU000A100V79;0;20191008;100038;100.500000000;25
RU000A100V79;0;20191008;100459;100.100000000;20
RU000A100V79;0;20191008;100858;100.100000000;1
RU000A100V79;0;20191008;101231;100.100000000;1
RU000A100V79;0;20191008;101513;100.090000000;5
RU000A100V79;0;20191008;101549;100.100000000;5
RU000A100V79;0;20191008;101759;100.060000000;3
RU000A100V79;0;20191008;101759;100.060000000;20
RU000A100V79;0;20191008;102420;100.100000000;100
RU000A100V79;0;20191008;102805;100.090000000;60
RU000A100V79;0;20191008;103226;100.090000000;100
RU000A100V79;0;20191008;105501;100.090000000;1
RU000A100V79;0;20191008;110008;100.090000000;15
RU000A100V79;0;20191008;110029;100.090000000;2
RU000A100V79;0;20191008;110039;100.090000000;3
RU000A100V79;0;20191008;110140;100.090000000;449
RU000A100V79;0;20191008;110928;100.090000000;4
RU000A100V79;0;20191008;112022;100.090000000;2
RU000A100V79;0;20191008;112559;100.090000000;1764
RU000A100V79;0;20191008;112559;100.090000000;20
RU000A100V79;0;20191008;112747;100.100000000;16
RU000A100V79;0;20191008;113041;100.090000000;1000
RU000A100V79;0;20191008;113100;100.090000000;2000
RU000A100V79;0;20191008;113141;100.100000000;1
RU000A100V79;0;20191008;114215;100.100000000;20
RU000A100V79;0;20191008;114342;100.100000000;6
RU000A100V79;0;20191008;114720;100.100000000;9
RU000A100V79;0;20191008;115328;100.090000000;5
RU000A100V79;0;20191008;115359;100.090000000;25
RU000A100V79;0;20191008;115402;100.090000000;25
RU000A100V79;0;20191008;115842;100.090000000;25
RU000A100V79;0;20191008;115843;100.090000000;25
RU000A100V79;0;20191008;115847;100.090000000;25
RU000A100V79;0;20191008;115850;100.090000000;25
RU000A100V79;0;20191008;115859;100.090000000;25
RU000A100V79;0;20191008;115900;100.090000000;25
RU000A100V79;0;20191008;115912;100.090000000;25
RU000A100V79;0;20191008;115918;100.090000000;25
RU000A100V79;0;20191008;115923;100.090000000;25
RU000A100V79;0;20191008;115936;100.090000000;8
RU000A100V79;0;20191008;120717;100.090000000;2948
RU000A100V79;0;20191008;121709;100.090000000;20
RU000A100V79;0;20191008;122152;100.090000000;775
RU000A100V79;0;20191008;122606;100.090000000;318
RU000A100V79;0;20191008;122625;100.090000000;14
RU000A100V79;0;20191008;122641;100.090000000;4
RU000A100V79;0;20191008;123428;100.090000000;1
RU000A100V79;0;20191008;123806;100.090000000;217
RU000A100V79;0;20191008;124456;100.090000000;10
RU000A100V79;0;20191008;125249;100.090000000;2
RU000A100V79;0;20191008;125336;100.090000000;5
RU000A100V79;0;20191008;125848;100.090000000;98
RU000A100V79;0;20191008;125912;100.090000000;6
RU000A100V79;0;20191008;130043;100.090000000;102
RU000A100V79;0;20191008;130141;100.090000000;1
RU000A100V79;0;20191008;130510;100.090000000;400
RU000A100V79;0;20191008;131456;100.090000000;15
RU000A100V79;0;20191008;131738;100.090000000;12
RU000A100V79;0;20191008;131738;100.090000000;188
RU000A100V79;0;20191008;132545;100.090000000;7500
RU000A100V79;0;20191008;133122;100.090000000;340
RU000A100V79;0;20191008;134437;100.090000000;88
RU000A100V79;0;20191008;135247;100.090000000;1
RU000A100V79;0;20191008;135736;100.090000000;320
RU000A100V79;0;20191008;135736;100.090000000;20
RU000A100V79;0;20191008;135736;100.090000000;420
RU000A100V79;0;20191008;135736;100.090000000;240
RU000A100V79;0;20191008;135736;100.090000000;40
RU000A100V79;0;20191008;135736;100.090000000;200
RU000A100V79;0;20191008;135736;100.090000000;60
RU000A100V79;0;20191008;135736;100.090000000;60
RU000A100V79;0;20191008;135736;100.090000000;140
RU000A100V79;0;20191008;135736;100.090000000;80
RU000A100V79;0;20191008;135736;100.090000000;180
RU000A100V79;0;20191008;135736;100.090000000;120
RU000A100V79;0;20191008;135736;100.090000000;120
RU000A100V79;0;20191008;135736;100.090000000;100
RU000A100V79;0;20191008;135736;100.090000000;80
RU000A100V79;0;20191008;135736;100.090000000;120
RU000A100V79;0;20191008;135736;100.090000000;100
RU000A100V79;0;20191008;135736;100.090000000;140
RU000A100V79;0;20191008;135736;100.090000000;20
RU000A100V79;0;20191008;135736;100.090000000;100
RU000A100V79;0;20191008;135736;100.090000000;280
RU000A100V79;0;20191008;135736;100.090000000;240
RU000A100V79;0;20191008;135736;100.090000000;20
RU000A100V79;0;20191008;135736;100.090000000;80
RU000A100V79;0;20191008;135736;100.090000000;220
RU000A100V79;0;20191008;135736;100.090000000;120
RU000A100V79;0;20191008;135736;100.090000000;80
RU000A100V79;0;20191008;135736;100.090000000;60
RU000A100V79;0;20191008;135737;100.090000000;200
RU000A100V79;0;20191008;135737;100.090000000;20
RU000A100V79;0;20191008;135815;100.090000000;360
RU000A100V79;0;20191008;135815;100.090000000;920
RU000A100V79;0;20191008;135815;100.090000000;180
RU000A100V79;0;20191008;135815;100.090000000;460
RU000A100V79;0;20191008;135815;100.090000000;2000
RU000A100V79;0;20191008;135815;100.090000000;280
RU000A100V79;0;20191008;135815;100.090000000;240
RU000A100V79;0;20191008;135815;100.090000000;120
RU000A100V79;0;20191008;135815;100.090000000;20
RU000A100V79;0;20191008;135815;100.090000000;1060
RU000A100V79;0;20191008;135815;100.090000000;300
RU000A100V79;0;20191008;135815;100.090000000;460
RU000A100V79;0;20191008;135815;100.090000000;340
RU000A100V79;0;20191008;135815;100.090000000;40
RU000A100V79;0;20191008;135815;100.090000000;3020
RU000A100V79;0;20191008;135815;100.090000000;40
RU000A100V79;0;20191008;135815;100.090000000;120
RU000A100V79;0;20191008;135815;100.090000000;120
RU000A100V79;0;20191008;135815;100.090000000;680
RU000A100V79;0;20191008;135816;100.090000000;40
RU000A100V79;0;20191008;135816;100.090000000;2103
RU000A100V79;0;20191008;140926;100.100000000;500
RU000A100V79;0;20191008;141524;100.100000000;30
RU000A100V79;0;20191008;141700;100.090000000;200
RU000A100V79;0;20191008;142527;100.100000000;50
RU000A100V79;0;20191008;143022;100.100000000;52
RU000A100V79;0;20191008;143545;100.090000000;3997
RU000A100V79;0;20191008;143545;100.090000000;40
RU000A100V79;0;20191008;143545;100.090000000;300
RU000A100V79;0;20191008;143545;100.090000000;40
RU000A100V79;0;20191008;143545;100.090000000;480
RU000A100V79;0;20191008;143545;100.090000000;260
RU000A100V79;0;20191008;143545;100.090000000;140
RU000A100V79;0;20191008;143545;100.090000000;1420
RU000A100V79;0;20191008;143545;100.090000000;100
RU000A100V79;0;20191008;143545;100.090000000;80
RU000A100V79;0;20191008;143545;100.090000000;3160
RU000A100V79;0;20191008;143545;100.090000000;320
RU000A100V79;0;20191008;143545;100.090000000;40
RU000A100V79;0;20191008;143545;100.090000000;600
RU000A100V79;0;20191008;143545;100.090000000;260
RU000A100V79;0;20191008;143545;100.090000000;120
RU000A100V79;0;20191008;143545;100.090000000;100
RU000A100V79;0;20191008;143545;100.090000000;100
RU000A100V79;0;20191008;143545;100.090000000;20
RU000A100V79;0;20191008;143545;100.090000000;20
RU000A100V79;0;20191008;143545;100.090000000;20
RU000A100V79;0;20191008;143545;100.090000000;20
RU000A100V79;0;20191008;143545;100.090000000;260
RU000A100V79;0;20191008;143545;100.090000000;760
RU000A100V79;0;20191008;143545;100.090000000;60
RU000A100V79;0;20191008;143545;100.090000000;120
RU000A100V79;0;20191008;143545;100.090000000;1060
RU000A100V79;0;20191008;143545;100.090000000;20
RU000A100V79;0;20191008;143545;100.090000000;200
RU000A100V79;0;20191008;143545;100.090000000;80
RU000A100V79;0;20191008;143545;100.090000000;120
RU000A100V79;0;20191008;143545;100.090000000;40
RU000A100V79;0;20191008;143545;100.090000000;40
RU000A100V79;0;20191008;143545;100.090000000;180
RU000A100V79;0;20191008;143545;100.090000000;4080
RU000A100V79;0;20191008;143545;100.090000000;680
RU000A100V79;0;20191008;143545;100.090000000;140
RU000A100V79;0;20191008;143545;100.090000000;1080
RU000A100V79;0;20191008;143545;100.090000000;260
RU000A100V79;0;20191008;143545;100.090000000;100
RU000A100V79;0;20191008;143545;100.090000000;40
RU000A100V79;0;20191008;143545;100.090000000;720
RU000A100V79;0;20191008;143545;100.090000000;60
RU000A100V79;0;20191008;143545;100.090000000;120
RU000A100V79;0;20191008;143545;100.090000000;980
RU000A100V79;0;20191008;143545;100.090000000;20
RU000A100V79;0;20191008;143545;100.090000000;80
RU000A100V79;0;20191008;143545;100.090000000;260
RU000A100V79;0;20191008;143545;100.090000000;20
RU000A100V79;0;20191008;143545;100.090000000;20
RU000A100V79;0;20191008;143545;100.090000000;1180
RU000A100V79;0;20191008;143545;100.090000000;1140
RU000A100V79;0;20191008;144005;100.100000000;30
RU000A100V79;0;20191008;144316;100.100000000;7
RU000A100V79;0;20191008;150123;100.100000000;19
RU000A100V79;0;20191008;150153;100.100000000;32
RU000A100V79;0;20191008;150310;100.100000000;5
RU000A100V79;0;20191008;150316;100.100000000;199
RU000A100V79;0;20191008;150505;100.100000000;1300
RU000A100V79;0;20191008;150734;100.090000000;1
RU000A100V79;0;20191008;151017;100.100000000;10
RU000A100V79;0;20191008;151244;100.100000000;100
RU000A100V79;0;20191008;151545;100.100000000;19
RU000A100V79;0;20191008;151639;100.100000000;1
RU000A100V79;0;20191008;151707;100.100000000;71
RU000A100V79;0;20191008;151711;100.100000000;1
RU000A100V79;0;20191008;152101;100.100000000;37
RU000A100V79;0;20191008;152747;100.090000000;19
RU000A100V79;0;20191008;152747;100.090000000;8
RU000A100V79;0;20191008;152912;100.100000000;40
RU000A100V79;0;20191008;153427;100.090000000;20
RU000A100V79;0;20191008;160243;100.100000000;20
RU000A100V79;0;20191008;160444;100.100000000;439
RU000A100V79;0;20191008;160937;100.100000000;200
RU000A100V79;0;20191008;161739;100.100000000;20
RU000A100V79;0;20191008;162154;100.100000000;1
RU000A100V79;0;20191008;162259;100.100000000;100
RU000A100V79;0;20191008;162930;100.090000000;20
RU000A100V79;0;20191008;163043;100.090000000;33
RU000A100V79;0;20191008;163043;100.090000000;7
RU000A100V79;0;20191008;163043;100.090000000;10
RU000A100V79;0;20191008;163119;100.090000000;1
RU000A100V79;0;20191008;164104;100.090000000;2103
RU000A100V79;0;20191008;164312;100.090000000;200
RU000A100V79;0;20191008;165954;100.090000000;50
RU000A100V79;0;20191008;170916;100.090000000;18
RU000A100V79;0;20191008;171110;100.080000000;4
RU000A100V79;0;20191008;171425;100.090000000;5000
RU000A100V79;0;20191008;171739;100.080000000;16
RU000A100V79;0;20191008;171739;100.080000000;5
RU000A100V79;0;20191008;171739;100.080000000;5
RU000A100V79;0;20191008;171739;100.080000000;10
RU000A100V79;0;20191008;171739;100.080000000;20
RU000A100V79;0;20191008;171739;100.080000000;200
RU000A100V79;0;20191008;171739;100.080000000;50
RU000A100V79;0;20191008;171743;100.080000000;20000
RU000A100V79;0;20191008;172530;100.090000000;10
RU000A100V79;0;20191008;172930;100.090000000;1
RU000A100V79;0;20191008;172955;100.090000000;10
RU000A100V79;0;20191008;173026;100.090000000;1
RU000A100V79;0;20191008;173433;100.090000000;19
RU000A100V79;0;20191008;175219;100.090000000;28
RU000A100V79;0;20191008;175251;100.090000000;1
RU000A100V79;0;20191008;175618;100.090000000;1
RU000A100V79;0;20191008;175751;100.090000000;1
RU000A100V79;0;20191008;180704;100.090000000;10
RU000A100V79;0;20191008;180900;100.100000000;30
RU000A100V79;0;20191008;181614;100.100000000;5
RU000A100V79;0;20191008;182247;100.090000000;40
RU000A100V79;0;20191008;182247;100.090000000;2
RU000A100V79;0;20191008;182319;100.100000000;16
RU000A100V79;0;20191008;182606;100.100000000;50
RU000A100V79;0;20191008;183714;100.090000000;18
RU000A100V79;0;20191008;183714;100.090000000;60
RU000A100V79;0;20191008;183714;100.090000000;140
RU000A100V79;0;20191008;183714;100.090000000;120
RU000A100V79;0;20191008;183714;100.090000000;20
RU000A100V79;0;20191008;183714;100.090000000;180
RU000A100V79;0;20191008;183714;100.090000000;20
RU000A100V79;0;20191008;183714;100.090000000;1100
RU000A100V79;0;20191008;183714;100.090000000;140
RU000A100V79;0;20191008;183714;100.090000000;40
RU000A100V79;0;20191008;183714;100.090000000;200
RU000A100V79;0;20191008;183714;100.090000000;60
RU000A100V79;0;20191008;183714;100.090000000;120
RU000A100V79;0;20191008;183714;100.090000000;20
RU000A100V79;0;20191008;183714;100.090000000;20
RU000A100V79;0;20191008;183714;100.090000000;40
RU000A100V79;0;20191008;183714;100.090000000;60
RU000A100V79;0;20191008;183714;100.090000000;1340
RU000A100V79;0;20191008;183714;100.090000000;340
RU000A100V79;0;20191008;183714;100.090000000;80
RU000A100V79;0;20191008;183714;100.090000000;1300
RU000A100V79;0;20191008;183714;100.090000000;20
RU000A100V79;0;20191008;183714;100.090000000;4760
RU000A100V79;0;20191008;183714;100.090000000;260
RU000A100V79;0;20191008;183714;100.090000000;920
RU000A100V79;0;20191008;183714;100.090000000;40
RU000A100V79;0;20191008;183714;100.090000000;40
RU000A100V79;0;20191008;183714;100.090000000;1160
RU000A100V79;0;20191008;183714;100.090000000;40
RU000A100V79;0;20191008;183714;100.090000000;1520
RU000A100V79;0;20191008;183714;100.090000000;60
RU000A100V79;0;20191008;183714;100.090000000;240
RU000A100V79;0;20191008;183714;100.090000000;860
RU000A100V79;0;20191008;183714;100.090000000;300
RU000A100V79;0;20191008;183714;100.090000000;220
RU000A100V79;0;20191008;183714;100.090000000;160
RU000A100V79;0;20191008;183714;100.090000000;140
RU000A100V79;0;20191008;183714;100.090000000;20
RU000A100V79;0;20191008;183714;100.090000000;220
RU000A100V79;0;20191008;183714;100.090000000;20
RU000A100V79;0;20191008;183714;100.090000000;60
RU000A100V79;0;20191008;183714;100.090000000;60
RU000A100V79;0;20191008;183714;100.090000000;260
RU000A100V79;0;20191008;183714;100.090000000;20
RU000A100V79;0;20191008;183714;100.090000000;380
RU000A100V79;0;20191008;183714;100.090000000;2000
RU000A100V79;0;20191008;183714;100.090000000;2
RU000A100V79;0;20191009;100405;100.150000000;100
RU000A100V79;0;20191009;101132;100.090000000;1
RU000A100V79;0;20191009;101623;100.090000000;600
RU000A100V79;0;20191009;101623;100.090000000;780
RU000A100V79;0;20191009;101623;100.090000000;200
RU000A100V79;0;20191009;101623;100.090000000;160
RU000A100V79;0;20191009;101623;100.090000000;800
RU000A100V79;0;20191009;101623;100.090000000;660
RU000A100V79;0;20191009;101808;100.090000000;240
RU000A100V79;0;20191009;101827;100.090000000;420
RU000A100V79;0;20191009;101843;100.090000000;580
RU000A100V79;0;20191009;101912;100.090000000;360
RU000A100V79;0;20191009;101921;100.090000000;1
RU000A100V79;0;20191009;101932;100.090000000;350
RU000A100V79;0;20191009;101946;100.090000000;300
RU000A100V79;0;20191009;102000;100.090000000;540
RU000A100V79;0;20191009;102022;100.090000000;600
RU000A100V79;0;20191009;102140;100.090000000;200
RU000A100V79;0;20191009;102148;100.090000000;34
RU000A100V79;0;20191009;102401;100.090000000;10
RU000A100V79;0;20191009;102441;100.090000000;1
RU000A100V79;0;20191009;102502;100.090000000;1
RU000A100V79;0;20191009;102533;100.090000000;1
RU000A100V79;0;20191009;102656;100.090000000;600
RU000A100V79;0;20191009;102658;100.090000000;1
RU000A100V79;0;20191009;102712;100.090000000;300
RU000A100V79;0;20191009;102712;100.090000000;700
RU000A100V79;0;20191009;102712;100.090000000;100
RU000A100V79;0;20191009;102724;100.090000000;1
RU000A100V79;0;20191009;102725;100.090000000;300
RU000A100V79;0;20191009;102830;100.090000000;123
RU000A100V79;0;20191009;102836;100.090000000;1260
RU000A100V79;0;20191009;102851;100.090000000;160
RU000A100V79;0;20191009;102913;100.090000000;1100
RU000A100V79;0;20191009;102923;100.090000000;380
RU000A100V79;0;20191009;102942;100.090000000;1380
RU000A100V79;0;20191009;102959;100.090000000;60
RU000A100V79;0;20191009;103012;100.090000000;200
RU000A100V79;0;20191009;103036;100.090000000;120
RU000A100V79;0;20191009;104501;100.090000000;50
RU000A100V79;0;20191009;105620;100.090000000;10
RU000A100V79;0;20191009;110143;100.090000000;6
RU000A100V79;0;20191009;110250;100.090000000;4
RU000A100V79;0;20191009;110820;100.090000000;1
RU000A100V79;0;20191009;110904;100.090000000;21
RU000A100V79;0;20191009;111430;100.090000000;10
RU000A100V79;0;20191009;111704;100.090000000;25
RU000A100V79;0;20191009;112614;100.090000000;5
RU000A100V79;0;20191009;112616;100.090000000;5
RU000A100V79;0;20191009;112902;100.090000000;10
RU000A100V79;0;20191009;113549;100.090000000;400
RU000A100V79;0;20191009;114417;100.090000000;15
RU000A100V79;0;20191009;114454;100.100000000;184
RU000A100V79;0;20191009;114749;100.100000000;2
RU000A100V79;0;20191009;115037;100.100000000;1
RU000A100V79;0;20191009;115720;100.100000000;250
RU000A100V79;0;20191009;115751;100.100000000;17357
RU000A100V79;0;20191009;115751;100.100000000;5000
RU000A100V79;0;20191009;115751;100.100000000;1
RU000A100V79;0;20191009;115751;100.100000000;80
RU000A100V79;0;20191009;115950;100.470000000;18
RU000A100V79;0;20191009;115950;100.480000000;131
RU000A100V79;0;20191009;120107;100.480000000;172
RU000A100V79;0;20191009;120232;100.400000000;200
RU000A100V79;0;20191009;120303;100.480000000;7
RU000A100V79;0;20191009;120303;100.480000000;1
RU000A100V79;0;20191009;120303;100.480000000;100
RU000A100V79;0;20191009;120303;100.480000000;30
RU000A100V79;0;20191009;120303;100.490000000;363
RU000A100V79;0;20191009;120341;100.300000000;2
RU000A100V79;0;20191009;121146;100.300000000;10
RU000A100V79;0;20191009;122957;100.250000000;5
RU000A100V79;0;20191009;123546;100.230000000;40
RU000A100V79;0;20191009;123603;100.250000000;10
RU000A100V79;0;20191009;125145;100.200000000;100
RU000A100V79;0;20191009;130655;100.190000000;5
RU000A100V79;0;20191009;130903;100.190000000;35
RU000A100V79;0;20191009;130959;100.190000000;1
RU000A100V79;0;20191009;131243;100.190000000;53
RU000A100V79;0;20191009;131243;100.190000000;25
RU000A100V79;0;20191009;131243;100.190000000;18
RU000A100V79;0;20191009;131243;100.190000000;18
RU000A100V79;0;20191009;131243;100.190000000;2
RU000A100V79;0;20191009;131243;100.190000000;34
RU000A100V79;0;20191009;131712;100.190000000;33
RU000A100V79;0;20191009;131712;100.190000000;9
RU000A100V79;0;20191009;131712;100.190000000;22
RU000A100V79;0;20191009;131712;100.190000000;57
RU000A100V79;0;20191009;131712;100.190000000;15
RU000A100V79;0;20191009;131712;100.190000000;86
RU000A100V79;0;20191009;131712;100.190000000;9
RU000A100V79;0;20191009;131712;100.190000000;10
RU000A100V79;0;20191009;131712;100.190000000;4
RU000A100V79;0;20191009;131712;100.190000000;17
RU000A100V79;0;20191009;131712;100.190000000;8
RU000A100V79;0;20191009;131712;100.190000000;25
RU000A100V79;0;20191009;131712;100.190000000;28
RU000A100V79;0;20191009;131712;100.190000000;41
RU000A100V79;0;20191009;131712;100.190000000;82
RU000A100V79;0;20191009;131712;100.190000000;34
RU000A100V79;0;20191009;131712;100.190000000;8
RU000A100V79;0;20191009;131712;100.190000000;233
RU000A100V79;0;20191009;131712;100.190000000;41
RU000A100V79;0;20191009;131712;100.190000000;25
RU000A100V79;0;20191009;131712;100.190000000;25
RU000A100V79;0;20191009;131712;100.190000000;56
RU000A100V79;0;20191009;131712;100.190000000;49
RU000A100V79;0;20191009;131712;100.190000000;313
RU000A100V79;0;20191009;131712;100.190000000;83
RU000A100V79;0;20191009;131712;100.190000000;302
RU000A100V79;0;20191009;131712;100.190000000;282
RU000A100V79;0;20191009;131712;100.190000000;40
RU000A100V79;0;20191009;131712;100.190000000;24
RU000A100V79;0;20191009;131712;100.190000000;33
RU000A100V79;0;20191009;131712;100.190000000;6
RU000A100V79;0;20191009;133831;100.190000000;10
RU000A100V79;0;20191009;134411;100.190000000;10
RU000A100V79;0;20191009;135049;100.190000000;5
RU000A100V79;0;20191009;135215;100.170000000;1
RU000A100V79;0;20191009;135252;100.190000000;1
RU000A100V79;0;20191009;135439;100.190000000;4
RU000A100V79;0;20191009;135651;100.190000000;4
RU000A100V79;0;20191009;135805;100.190000000;34
RU000A100V79;0;20191009;135818;100.170000000;4
RU000A100V79;0;20191009;140218;100.190000000;5
RU000A100V79;0;20191009;141535;100.190000000;16
RU000A100V79;0;20191009;141709;100.190000000;5
RU000A100V79;0;20191009;144115;100.190000000;1
RU000A100V79;0;20191009;144243;100.190000000;10
RU000A100V79;0;20191009;144358;100.190000000;49
RU000A100V79;0;20191009;144358;100.190000000;40
RU000A100V79;0;20191009;144358;100.190000000;40
RU000A100V79;0;20191009;144358;100.190000000;76
RU000A100V79;0;20191009;144358;100.190000000;80
RU000A100V79;0;20191009;144358;100.190000000;32
RU000A100V79;0;20191009;144358;100.190000000;40
RU000A100V79;0;20191009;144358;100.190000000;39
RU000A100V79;0;20191009;144358;100.190000000;39
RU000A100V79;0;20191009;144424;100.200000000;65
RU000A100V79;0;20191009;144447;100.200000000;3
RU000A100V79;0;20191009;145026;100.200000000;1
RU000A100V79;0;20191009;150209;100.200000000;18
RU000A100V79;0;20191009;150718;100.190000000;10
RU000A100V79;0;20191009;150718;100.180000000;20
RU000A100V79;0;20191009;150718;100.170000000;45
RU000A100V79;0;20191009;150718;100.170000000;5
RU000A100V79;0;20191009;150718;100.170000000;1
RU000A100V79;0;20191009;150718;100.170000000;10
RU000A100V79;0;20191009;150718;100.160000000;5
RU000A100V79;0;20191009;150718;100.150000000;10
RU000A100V79;0;20191009;150718;100.150000000;1
RU000A100V79;0;20191009;150718;100.150000000;5
RU000A100V79;0;20191009;150718;100.150000000;8
RU000A100V79;0;20191009;150718;100.130000000;10
RU000A100V79;0;20191009;150718;100.120000000;2
RU000A100V79;0;20191009;150718;100.120000000;10
RU000A100V79;0;20191009;150718;100.120000000;7
RU000A100V79;0;20191009;150718;100.110000000;50
RU000A100V79;0;20191009;150718;100.110000000;80
RU000A100V79;0;20191009;150718;100.100000000;100
RU000A100V79;0;20191009;150718;100.100000000;448
RU000A100V79;0;20191009;150718;100.090000000;4
RU000A100V79;0;20191009;150718;100.090000000;2100
RU000A100V79;0;20191009;150839;100.200000000;20
RU000A100V79;0;20191009;151117;100.200000000;1
RU000A100V79;0;20191009;151450;100.200000000;50
RU000A100V79;0;20191009;152332;100.200000000;5
RU000A100V79;0;20191009;153455;100.200000000;5
RU000A100V79;0;20191009;154142;100.200000000;2
RU000A100V79;0;20191009;154237;100.190000000;10
RU000A100V79;0;20191009;155746;100.190000000;40
RU000A100V79;0;20191009;161730;100.190000000;1
RU000A100V79;0;20191009;161825;100.190000000;1
RU000A100V79;0;20191009;162052;100.190000000;90
RU000A100V79;0;20191009;162506;100.190000000;50
RU000A100V79;0;20191009;163307;100.190000000;31
RU000A100V79;0;20191009;163919;100.190000000;225
RU000A100V79;0;20191009;164232;100.200000000;1
RU000A100V79;0;20191009;164643;100.200000000;830
RU000A100V79;0;20191009;164840;100.200000000;5
RU000A100V79;0;20191009;165417;100.200000000;129
RU000A100V79;0;20191009;165937;100.200000000;5
RU000A100V79;0;20191009;170048;100.190000000;155
RU000A100V79;0;20191009;170250;100.200000000;12
RU000A100V79;0;20191009;170309;100.200000000;1
RU000A100V79;0;20191009;170420;100.200000000;42
RU000A100V79;0;20191009;170810;100.200000000;50
RU000A100V79;0;20191009;170832;100.200000000;2
RU000A100V79;0;20191009;170834;100.200000000;1
RU000A100V79;0;20191009;171135;100.200000000;2000
RU000A100V79;0;20191009;171354;100.200000000;2250
RU000A100V79;0;20191009;172129;100.200000000;3980
RU000A100V79;0;20191009;172522;100.200000000;39
RU000A100V79;0;20191009;172827;100.200000000;100
RU000A100V79;0;20191009;173303;100.180000000;5
RU000A100V79;0;20191009;180619;100.200000000;50
RU000A100V79;0;20191009;181218;100.180000000;17
RU000A100V79;0;20191009;181218;100.180000000;8
RU000A100V79;0;20191009;181810;100.190000000;11
RU000A100V79;0;20191009;182518;100.190000000;15
RU000A100V79;0;20191009;183354;100.190000000;30
RU000A100V79;0;20191009;183456;100.190000000;18
RU000A100V79;0;20191009;184139;100.190000000;7
RU000A100V79;0;20191010;100150;100.390000000;51
RU000A100V79;0;20191010;100154;100.390000000;905
RU000A100V79;0;20191010;102208;100.180000000;10
RU000A100V79;0;20191010;102231;100.190000000;15
RU000A100V79;0;20191010;102231;100.200000000;185
RU000A100V79;0;20191010;102339;100.200000000;5
RU000A100V79;0;20191010;102458;100.200000000;10
RU000A100V79;0;20191010;103254;100.200000000;7
RU000A100V79;0;20191010;104000;100.200000000;3000
RU000A100V79;0;20191010;104349;100.200000000;50
RU000A100V79;0;20191010;104632;100.200000000;50
RU000A100V79;0;20191010;104636;100.200000000;5
RU000A100V79;0;20191010;105853;100.200000000;1
RU000A100V79;0;20191010;105952;100.200000000;320
RU000A100V79;0;20191010;105952;100.200000000;600
RU000A100V79;0;20191010;105953;100.200000000;767
RU000A100V79;0;20191010;105953;100.200000000;133
RU000A100V79;0;20191010;105953;100.200000000;120
RU000A100V79;0;20191010;105953;100.200000000;240
RU000A100V79;0;20191010;105953;100.200000000;160
RU000A100V79;0;20191010;105953;100.200000000;500
RU000A100V79;0;20191010;105953;100.200000000;160
RU000A100V79;0;20191010;110816;100.200000000;2
RU000A100V79;0;20191010;110835;100.200000000;5
RU000A100V79;0;20191010;111308;100.200000000;2
RU000A100V79;0;20191010;111415;100.200000000;500
RU000A100V79;0;20191010;111648;100.200000000;39
RU000A100V79;0;20191010;112251;100.200000000;230
RU000A100V79;0;20191010;113249;100.200000000;550
RU000A100V79;0;20191010;113340;100.200000000;200
RU000A100V79;0;20191010;113941;100.200000000;1
RU000A100V79;0;20191010;114119;100.200000000;3
RU000A100V79;0;20191010;114654;100.200000000;100
RU000A100V79;0;20191010;114740;100.200000000;43
RU000A100V79;0;20191010;115407;100.190000000;50
RU000A100V79;0;20191010;115407;100.190000000;1
RU000A100V79;0;20191010;115407;100.190000000;35
RU000A100V79;0;20191010;115407;100.180000000;190
RU000A100V79;0;20191010;120756;100.160000000;50
RU000A100V79;0;20191010;120823;100.150000000;80
RU000A100V79;0;20191010;121354;100.190000000;70
RU000A100V79;0;20191010;121554;100.190000000;1
RU000A100V79;0;20191010;121558;100.190000000;1
RU000A100V79;0;20191010;124704;100.190000000;2486
RU000A100V79;0;20191010;125015;100.190000000;100
RU000A100V79;0;20191010;131955;100.190000000;622
RU000A100V79;0;20191010;131955;100.200000000;378
RU000A100V79;0;20191010;132127;100.200000000;1
RU000A100V79;0;20191010;133431;100.200000000;50
RU000A100V79;0;20191010;134308;100.200000000;36
RU000A100V79;0;20191010;134421;100.200000000;500
RU000A100V79;0;20191010;134637;100.200000000;6280
RU000A100V79;0;20191010;140712;100.250000000;68
RU000A100V79;0;20191010;140829;100.250000000;15
RU000A100V79;0;20191010;141132;100.250000000;1
RU000A100V79;0;20191010;141342;100.250000000;1
RU000A100V79;0;20191010;143214;100.250000000;119
RU000A100V79;0;20191010;143214;100.390000000;1
RU000A100V79;0;20191010;145625;100.390000000;12
RU000A100V79;0;20191010;150958;100.350000000;500
RU000A100V79;0;20191010;151324;100.350000000;4500
RU000A100V79;0;20191010;151534;100.390000000;100
RU000A100V79;0;20191010;151601;100.390000000;6
RU000A100V79;0;20191010;151601;100.390000000;44
RU000A100V79;0;20191010;151705;100.390000000;1
RU000A100V79;0;20191010;151718;100.390000000;430
RU000A100V79;0;20191010;151718;100.490000000;30
RU000A100V79;0;20191010;151718;100.490000000;735
RU000A100V79;0;20191010;152113;100.450000000;7
RU000A100V79;0;20191010;152202;100.440000000;385
RU000A100V79;0;20191010;152344;100.440000000;880
RU000A100V79;0;20191010;152901;100.440000000;4
RU000A100V79;0;20191010;153211;100.440000000;9
RU000A100V79;0;20191010;155552;100.440000000;25
RU000A100V79;0;20191010;155651;100.440000000;175
RU000A100V79;0;20191010;155746;100.450000000;22
RU000A100V79;0;20191010;155848;100.450000000;1
RU000A100V79;0;20191010;160218;100.450000000;1291
RU000A100V79;0;20191010;160401;100.440000000;57
RU000A100V79;0;20191010;160401;100.440000000;163
RU000A100V79;0;20191010;160401;100.450000000;58
RU000A100V79;0;20191010;161953;100.450000000;2
RU000A100V79;0;20191010;164008;100.450000000;104
RU000A100V79;0;20191010;164232;100.450000000;3
RU000A100V79;0;20191010;164314;100.450000000;19
RU000A100V79;0;20191010;165333;100.400000000;10
RU000A100V79;0;20191010;165333;100.400000000;2
RU000A100V79;0;20191010;165453;100.400000000;5
RU000A100V79;0;20191010;170402;100.360000000;30
RU000A100V79;0;20191010;170402;100.360000000;170
RU000A100V79;0;20191010;170625;100.400000000;320
RU000A100V79;0;20191010;170736;100.400000000;163
RU000A100V79;0;20191010;170834;100.400000000;5
RU000A100V79;0;20191010;171034;100.400000000;595
RU000A100V79;0;20191010;172451;100.400000000;1
RU000A100V79;0;20191010;172759;100.400000000;7
RU000A100V79;0;20191010;173037;100.400000000;1
RU000A100V79;0;20191010;173851;100.400000000;1300
RU000A100V79;0;20191010;175010;100.390000000;500
RU000A100V79;0;20191010;175519;100.400000000;3
RU000A100V79;0;20191010;180851;100.400000000;5
RU000A100V79;0;20191010;181845;100.360000000;530
RU000A100V79;0;20191010;181845;100.360000000;100
RU000A100V79;0;20191010;181845;100.350000000;870
RU000A100V79;0;20191010;183033;100.400000000;9
RU000A100V79;0;20191010;183356;100.400000000;2
RU000A100V79;0;20191010;183647;100.400000000;10
RU000A100V79;0;20191011;100006;100.490000000;5
RU000A100V79;0;20191011;100016;100.300000000;5
RU000A100V79;0;20191011;100034;100.120000000;100
RU000A100V79;0;20191011;100034;100.100000000;15
RU000A100V79;0;20191011;100034;100.050000000;10
RU000A100V79;0;20191011;100034;100.010000000;1
RU000A100V79;0;20191011;100034;100.000000000;100
RU000A100V79;0;20191011;100034;100.000000000;1
RU000A100V79;0;20191011;100034;100.000000000;2
RU000A100V79;0;20191011;100034;100.000000000;50
RU000A100V79;0;20191011;100041;100.000000000;19
RU000A100V79;0;20191011;100202;100.400000000;15
RU000A100V79;0;20191011;100258;100.400000000;1
RU000A100V79;0;20191011;100333;100.400000000;3
RU000A100V79;0;20191011;100532;100.490000000;45
RU000A100V79;0;20191011;100955;100.400000000;102
RU000A100V79;0;20191011;101921;100.350000000;10
RU000A100V79;0;20191011;102108;100.300000000;5
RU000A100V79;0;20191011;103952;100.400000000;10
RU000A100V79;0;20191011;104714;100.400000000;246
RU000A100V79;0;20191011;105522;100.310000000;72
RU000A100V79;0;20191011;105554;100.400000000;2
RU000A100V79;0;20191011;105744;100.400000000;1
RU000A100V79;0;20191011;105809;100.350000000;45
RU000A100V79;0;20191011;110141;100.350000000;10
RU000A100V79;0;20191011;110238;100.400000000;10
RU000A100V79;0;20191011;110658;100.400000000;100
RU000A100V79;0;20191011;111113;100.380000000;8
RU000A100V79;0;20191011;111113;100.350000000;145
RU000A100V79;0;20191011;111113;100.350000000;200
RU000A100V79;0;20191011;111113;100.350000000;2
RU000A100V79;0;20191011;111113;100.320000000;15
RU000A100V79;0;20191011;111113;100.310000000;50
RU000A100V79;0;20191011;113201;100.400000000;336
RU000A100V79;0;20191011;113944;100.400000000;50
RU000A100V79;0;20191011;114355;100.310000000;1
RU000A100V79;0;20191011;114857;100.400000000;20
RU000A100V79;0;20191011;115131;100.400000000;972
RU000A100V79;0;20191011;121319;100.400000000;496
RU000A100V79;0;20191011;121637;100.400000000;35
RU000A100V79;0;20191011;121958;100.400000000;100
RU000A100V79;0;20191011;123118;100.400000000;187
RU000A100V79;0;20191011;124231;100.400000000;5
RU000A100V79;0;20191011;125518;100.400000000;1
RU000A100V79;0;20191011;125601;100.400000000;228
RU000A100V79;0;20191011;131010;100.400000000;204
RU000A100V79;0;20191011;131439;100.400000000;2
RU000A100V79;0;20191011;131556;100.400000000;3804
RU000A100V79;0;20191011;131605;100.400000000;105
RU000A100V79;0;20191011;131809;100.400000000;5
RU000A100V79;0;20191011;132827;100.400000000;90
RU000A100V79;0;20191011;132956;100.400000000;10
RU000A100V79;0;20191011;133120;100.400000000;33
RU000A100V79;0;20191011;134257;100.400000000;30
RU000A100V79;0;20191011;134454;100.400000000;10
RU000A100V79;0;20191011;140519;100.400000000;3
RU000A100V79;0;20191011;141203;100.400000000;5
RU000A100V79;0;20191011;141937;100.400000000;1
RU000A100V79;0;20191011;141938;100.400000000;10
RU000A100V79;0;20191011;142102;100.400000000;261
RU000A100V79;0;20191011;142102;100.400000000;88
RU000A100V79;0;20191011;142102;100.400000000;170
RU000A100V79;0;20191011;142445;100.400000000;1
RU000A100V79;0;20191011;142543;100.400000000;2
RU000A100V79;0;20191011;145311;100.380000000;1
RU000A100V79;0;20191011;145311;100.380000000;10
RU000A100V79;0;20191011;145311;100.360000000;20
RU000A100V79;0;20191011;145311;100.360000000;50
RU000A100V79;0;20191011;145311;100.350000000;4549
RU000A100V79;0;20191011;151443;100.400000000;100
RU000A100V79;0;20191011;152110;100.400000000;100
RU000A100V79;0;20191011;153912;100.360000000;29
RU000A100V79;0;20191011;153912;100.360000000;100
RU000A100V79;0;20191011;153912;100.350000000;81
RU000A100V79;0;20191011;153912;100.350000000;128
RU000A100V79;0;20191011;153912;100.340000000;650
RU000A100V79;0;20191011;153912;100.330000000;8
RU000A100V79;0;20191011;153912;100.330000000;4
RU000A100V79;0;20191011;161337;100.400000000;4627
RU000A100V79;0;20191011;161337;100.440000000;563
RU000A100V79;0;20191011;161556;100.440000000;10
RU000A100V79;0;20191011;161611;100.440000000;3
RU000A100V79;0;20191011;161627;100.440000000;206
RU000A100V79;0;20191011;161729;100.440000000;7
RU000A100V79;0;20191011;162539;100.400000000;5
RU000A100V79;0;20191011;162551;100.370000000;145
RU000A100V79;0;20191011;162615;100.350000000;35
RU000A100V79;0;20191011;162626;100.330000000;46
RU000A100V79;0;20191011;162642;100.320000000;10
RU000A100V79;0;20191011;162653;100.310000000;159
RU000A100V79;0;20191011;163043;100.440000000;116
RU000A100V79;0;20191011;164306;100.320000000;10
RU000A100V79;0;20191011;164403;100.320000000;10
RU000A100V79;0;20191011;164447;100.310000000;80
RU000A100V79;0;20191011;165005;100.310000000;138
RU000A100V79;0;20191011;165005;100.300000000;15
RU000A100V79;0;20191011;165005;100.300000000;20
RU000A100V79;0;20191011;165005;100.300000000;3
RU000A100V79;0;20191011;165005;100.300000000;200
RU000A100V79;0;20191011;165005;100.300000000;2
RU000A100V79;0;20191011;165230;100.300000000;20
RU000A100V79;0;20191011;165230;100.300000000;100
RU000A100V79;0;20191011;165230;100.300000000;43
RU000A100V79;0;20191011;172503;100.440000000;50
RU000A100V79;0;20191011;172648;100.440000000;830
RU000A100V79;0;20191011;172648;100.450000000;6744
RU000A100V79;0;20191011;172806;100.450000000;105
RU000A100V79;0;20191011;173842;100.450000000;20
RU000A100V79;0;20191011;175014;100.320000000;1
RU000A100V79;0;20191011;175439;100.450000000;1
