<TICKER>;<PER>;<DATE>;<TIME>;<LAST>;<VOL>
RU000A101H43;0;20200303;143221;101.000000000;8
RU000A101H43;0;20200303;143221;101.000000000;1
RU000A101H43;0;20200303;143221;100.900000000;5
RU000A101H43;0;20200303;143221;100.800000000;1
RU000A101H43;0;20200303;143221;100.800000000;40
RU000A101H43;0;20200303;143221;100.800000000;1
RU000A101H43;0;20200303;143221;100.700000000;1
RU000A101H43;0;20200303;143221;100.600000000;1
RU000A101H43;0;20200303;143221;100.500000000;1
RU000A101H43;0;20200303;143221;100.500000000;50
RU000A101H43;0;20200303;143221;100.400000000;1
RU000A101H43;0;20200303;143221;100.400000000;4
RU000A101H43;0;20200303;143221;100.350000000;50
RU000A101H43;0;20200303;143221;100.300000000;5
RU000A101H43;0;20200303;143221;100.300000000;1
RU000A101H43;0;20200303;143221;100.300000000;1
RU000A101H43;0;20200303;143221;100.300000000;10
RU000A101H43;0;20200303;143221;100.300000000;1
RU000A101H43;0;20200303;143221;100.300000000;1
RU000A101H43;0;20200303;143221;100.300000000;1
RU000A101H43;0;20200303;143221;100.300000000;18
RU000A101H43;0;20200303;143221;100.300000000;1
RU000A101H43;0;20200303;143221;100.210000000;100
RU000A101H43;0;20200303;143221;100.200000000;9980
RU000A101H43;0;20200303;143221;100.200000000;100
RU000A101H43;0;20200303;143221;100.200000000;25
RU000A101H43;0;20200303;143326;100.160000000;38
RU000A101H43;0;20200303;143326;100.100000000;10
RU000A101H43;0;20200303;143326;100.100000000;5
RU000A101H43;0;20200303;143326;100.100000000;1
RU000A101H43;0;20200303;143326;100.100000000;1
RU000A101H43;0;20200303;143334;100.100000000;25
RU000A101H43;0;20200303;143343;100.100000000;20
RU000A101H43;0;20200303;143440;100.160000000;1
RU000A101H43;0;20200303;143446;100.100000000;30
RU000A101H43;0;20200303;143453;100.160000000;6
RU000A101H43;0;20200303;143508;100.160000000;3
RU000A101H43;0;20200303;143526;100.160000000;2
RU000A101H43;0;20200303;143531;100.160000000;3
RU000A101H43;0;20200303;143539;100.160000000;5
RU000A101H43;0;20200303;143541;100.100000000;505
RU000A101H43;0;20200303;143541;100.100000000;10
RU000A101H43;0;20200303;143541;100.100000000;17
RU000A101H43;0;20200303;143541;100.100000000;100
RU000A101H43;0;20200303;143623;100.100000000;68
RU000A101H43;0;20200303;143712;100.100000000;49
RU000A101H43;0;20200303;143731;100.100000000;5
RU000A101H43;0;20200303;143748;100.100000000;1
RU000A101H43;0;20200303;143833;100.100000000;4
RU000A101H43;0;20200303;143845;100.100000000;5
RU000A101H43;0;20200303;143931;100.100000000;5
RU000A101H43;0;20200303;143949;100.100000000;75
RU000A101H43;0;20200303;143954;100.100000000;2
RU000A101H43;0;20200303;144005;100.100000000;1
RU000A101H43;0;20200303;144034;100.100000000;10
RU000A101H43;0;20200303;144045;100.100000000;5
RU000A101H43;0;20200303;144046;100.090000000;1
RU000A101H43;0;20200303;144055;100.100000000;2
RU000A101H43;0;20200303;144115;100.100000000;11
RU000A101H43;0;20200303;144123;100.100000000;5
RU000A101H43;0;20200303;144134;100.100000000;15
RU000A101H43;0;20200303;144135;100.090000000;10
RU000A101H43;0;20200303;144135;100.090000000;39
RU000A101H43;0;20200303;144211;100.090000000;3
RU000A101H43;0;20200303;144214;100.100000000;20
RU000A101H43;0;20200303;144252;100.100000000;30
RU000A101H43;0;20200303;144254;100.100000000;31
RU000A101H43;0;20200303;144349;100.100000000;11
RU000A101H43;0;20200303;144353;100.100000000;13
RU000A101H43;0;20200303;144353;100.100000000;400
RU000A101H43;0;20200303;144448;100.160000000;30
RU000A101H43;0;20200303;144508;100.150000000;75
RU000A101H43;0;20200303;144511;100.100000000;142
RU000A101H43;0;20200303;144511;100.100000000;50
RU000A101H43;0;20200303;144511;100.100000000;1
RU000A101H43;0;20200303;144732;100.140000000;7
RU000A101H43;0;20200303;144732;100.150000000;73
RU000A101H43;0;20200303;144825;100.150000000;80
RU000A101H43;0;20200303;144843;100.150000000;2
RU000A101H43;0;20200303;144849;100.150000000;70
RU000A101H43;0;20200303;144921;100.160000000;10
RU000A101H43;0;20200303;145017;100.190000000;30
RU000A101H43;0;20200303;145045;100.200000000;1500
RU000A101H43;0;20200303;145107;100.200000000;3500
RU000A101H43;0;20200303;145107;100.200000000;3000
RU000A101H43;0;20200303;145126;100.200000000;2
RU000A101H43;0;20200303;145127;100.200000000;100
RU000A101H43;0;20200303;145131;100.200000000;3
RU000A101H43;0;20200303;145141;100.200000000;300
RU000A101H43;0;20200303;145145;100.200000000;100
RU000A101H43;0;20200303;145159;100.200000000;500
RU000A101H43;0;20200303;145206;100.200000000;333
RU000A101H43;0;20200303;145206;100.200000000;5
RU000A101H43;0;20200303;145212;100.200000000;150
RU000A101H43;0;20200303;145214;100.200000000;134
RU000A101H43;0;20200303;145215;100.200000000;70
RU000A101H43;0;20200303;145222;100.200000000;1
RU000A101H43;0;20200303;145305;100.200000000;100
RU000A101H43;0;20200303;145359;100.200000000;100
RU000A101H43;0;20200303;145408;100.200000000;3
RU000A101H43;0;20200303;145411;100.200000000;10
RU000A101H43;0;20200303;145422;100.200000000;20
RU000A101H43;0;20200303;145424;100.200000000;12
RU000A101H43;0;20200303;145432;100.200000000;30
RU000A101H43;0;20200303;145437;100.200000000;1000
RU000A101H43;0;20200303;145447;100.200000000;10
RU000A101H43;0;20200303;145451;100.200000000;7
RU000A101H43;0;20200303;145506;100.200000000;2
RU000A101H43;0;20200303;145525;100.200000000;1
RU000A101H43;0;20200303;145614;100.200000000;5
RU000A101H43;0;20200303;145720;100.190000000;5
RU000A101H43;0;20200303;145722;100.190000000;3
RU000A101H43;0;20200303;145729;100.180000000;10
RU000A101H43;0;20200303;145729;100.180000000;40
RU000A101H43;0;20200303;145733;100.160000000;10
RU000A101H43;0;20200303;145834;100.190000000;7
RU000A101H43;0;20200303;145944;100.180000000;7
RU000A101H43;0;20200303;150052;100.180000000;2
RU000A101H43;0;20200303;150134;100.180000000;3
RU000A101H43;0;20200303;150143;100.180000000;28
RU000A101H43;0;20200303;150143;100.190000000;272
RU000A101H43;0;20200303;150302;100.160000000;1
RU000A101H43;0;20200303;150302;100.160000000;100
RU000A101H43;0;20200303;150310;100.100000000;100
RU000A101H43;0;20200303;150310;100.100000000;1
RU000A101H43;0;20200303;150310;100.100000000;10
RU000A101H43;0;20200303;150310;100.100000000;222
RU000A101H43;0;20200303;150319;100.180000000;9
RU000A101H43;0;20200303;150319;100.090000000;8
RU000A101H43;0;20200303;150319;100.090000000;40
RU000A101H43;0;20200303;150328;100.080000000;5
RU000A101H43;0;20200303;150328;100.080000000;1
RU000A101H43;0;20200303;150336;100.070000000;5
RU000A101H43;0;20200303;150336;100.070000000;30
RU000A101H43;0;20200303;150336;100.070000000;1
RU000A101H43;0;20200303;150336;100.070000000;5
RU000A101H43;0;20200303;150350;100.180000000;1
RU000A101H43;0;20200303;150416;100.180000000;90
RU000A101H43;0;20200303;150443;100.190000000;20
RU000A101H43;0;20200303;150447;100.190000000;2000
RU000A101H43;0;20200303;150512;100.190000000;160
RU000A101H43;0;20200303;150616;100.190000000;1
RU000A101H43;0;20200303;150706;100.110000000;93
RU000A101H43;0;20200303;150724;100.150000000;2
RU000A101H43;0;20200303;150724;100.100000000;76
RU000A101H43;0;20200303;150732;100.190000000;2
RU000A101H43;0;20200303;150815;100.190000000;60
RU000A101H43;0;20200303;150855;100.190000000;2
RU000A101H43;0;20200303;150949;100.190000000;3
RU000A101H43;0;20200303;151000;100.190000000;4
RU000A101H43;0;20200303;151038;100.190000000;8
RU000A101H43;0;20200303;151039;100.190000000;30
RU000A101H43;0;20200303;151110;100.190000000;20
RU000A101H43;0;20200303;151128;100.190000000;140
RU000A101H43;0;20200303;151250;100.180000000;42
RU000A101H43;0;20200303;151259;100.150000000;1
RU000A101H43;0;20200303;151259;100.120000000;10
RU000A101H43;0;20200303;151259;100.120000000;9
RU000A101H43;0;20200303;151456;100.180000000;5
RU000A101H43;0;20200303;151503;100.180000000;1
RU000A101H43;0;20200303;151514;100.180000000;5
RU000A101H43;0;20200303;151519;100.180000000;9
RU000A101H43;0;20200303;151550;100.180000000;10
RU000A101H43;0;20200303;151601;100.180000000;27
RU000A101H43;0;20200303;151601;100.190000000;13
RU000A101H43;0;20200303;151802;100.180000000;10
RU000A101H43;0;20200303;151821;100.150000000;1
RU000A101H43;0;20200303;151821;100.150000000;2
RU000A101H43;0;20200303;151905;100.180000000;1
RU000A101H43;0;20200303;152008;100.180000000;11
RU000A101H43;0;20200303;152118;100.180000000;1
RU000A101H43;0;20200303;152223;100.180000000;4
RU000A101H43;0;20200303;152345;100.180000000;13
RU000A101H43;0;20200303;152345;100.180000000;41
RU000A101H43;0;20200303;152451;100.180000000;20
RU000A101H43;0;20200303;152452;100.180000000;2
RU000A101H43;0;20200303;152453;100.180000000;31
RU000A101H43;0;20200303;152617;100.170000000;4
RU000A101H43;0;20200303;152628;100.180000000;2
RU000A101H43;0;20200303;152642;100.180000000;25
RU000A101H43;0;20200303;152657;100.180000000;20
RU000A101H43;0;20200303;152709;100.190000000;15
RU000A101H43;0;20200303;152710;100.190000000;4
RU000A101H43;0;20200303;152746;100.180000000;19
RU000A101H43;0;20200303;152807;100.190000000;2
RU000A101H43;0;20200303;152901;100.190000000;20
RU000A101H43;0;20200303;152927;100.190000000;1
RU000A101H43;0;20200303;152937;100.190000000;3
RU000A101H43;0;20200303;153008;100.190000000;100
RU000A101H43;0;20200303;153116;100.190000000;20
RU000A101H43;0;20200303;153118;100.190000000;3
RU000A101H43;0;20200303;153129;100.190000000;24
RU000A101H43;0;20200303;153149;100.190000000;27
RU000A101H43;0;20200303;153257;100.190000000;1
RU000A101H43;0;20200303;153258;100.190000000;1
RU000A101H43;0;20200303;153322;100.190000000;2
RU000A101H43;0;20200303;153432;100.190000000;10
RU000A101H43;0;20200303;153435;100.190000000;42
RU000A101H43;0;20200303;153437;100.190000000;19
RU000A101H43;0;20200303;153438;100.180000000;1
RU000A101H43;0;20200303;153501;100.190000000;1
RU000A101H43;0;20200303;153510;100.190000000;5
RU000A101H43;0;20200303;153548;100.190000000;1
RU000A101H43;0;20200303;153627;100.180000000;1
RU000A101H43;0;20200303;153652;100.190000000;3
RU000A101H43;0;20200303;153702;100.190000000;30
RU000A101H43;0;20200303;153850;100.190000000;41
RU000A101H43;0;20200303;153918;100.190000000;13
RU000A101H43;0;20200303;154246;100.190000000;15
RU000A101H43;0;20200303;154336;100.190000000;20
RU000A101H43;0;20200303;154336;100.190000000;2
RU000A101H43;0;20200303;154346;100.180000000;3
RU000A101H43;0;20200303;154416;100.190000000;10
RU000A101H43;0;20200303;154517;100.180000000;1
RU000A101H43;0;20200303;154648;100.180000000;6
RU000A101H43;0;20200303;154708;100.190000000;50
RU000A101H43;0;20200303;154714;100.190000000;19
RU000A101H43;0;20200303;154740;100.190000000;1
RU000A101H43;0;20200303;154820;100.190000000;1
RU000A101H43;0;20200303;154852;100.190000000;319
RU000A101H43;0;20200303;154923;100.190000000;1425
RU000A101H43;0;20200303;155012;100.200000000;1
RU000A101H43;0;20200303;155039;100.190000000;1
RU000A101H43;0;20200303;155052;100.190000000;5
RU000A101H43;0;20200303;155141;100.190000000;50
RU000A101H43;0;20200303;155151;100.190000000;605
RU000A101H43;0;20200303;155237;100.190000000;1
RU000A101H43;0;20200303;155252;100.190000000;4
RU000A101H43;0;20200303;155353;100.180000000;50
RU000A101H43;0;20200303;155353;100.190000000;950
RU000A101H43;0;20200303;155402;100.150000000;10
RU000A101H43;0;20200303;155402;100.150000000;10
RU000A101H43;0;20200303;155449;100.190000000;11
RU000A101H43;0;20200303;155548;100.190000000;10
RU000A101H43;0;20200303;155612;100.190000000;30
RU000A101H43;0;20200303;155651;100.190000000;18
RU000A101H43;0;20200303;155723;100.190000000;4
RU000A101H43;0;20200303;155850;100.190000000;1
RU000A101H43;0;20200303;155920;100.190000000;18
RU000A101H43;0;20200303;155920;100.190000000;1
RU000A101H43;0;20200303;155931;100.190000000;1
RU000A101H43;0;20200303;160003;100.190000000;25
RU000A101H43;0;20200303;160057;100.190000000;1
RU000A101H43;0;20200303;160122;100.190000000;21
RU000A101H43;0;20200303;160348;100.150000000;5
RU000A101H43;0;20200303;160351;100.190000000;3
RU000A101H43;0;20200303;160359;100.150000000;2
RU000A101H43;0;20200303;160410;100.190000000;20
RU000A101H43;0;20200303;160435;100.190000000;7
RU000A101H43;0;20200303;160708;100.190000000;5
RU000A101H43;0;20200303;160736;100.190000000;3
RU000A101H43;0;20200303;160838;100.190000000;250
RU000A101H43;0;20200303;160920;100.180000000;1
RU000A101H43;0;20200303;160928;100.190000000;250
RU000A101H43;0;20200303;160935;100.190000000;1
RU000A101H43;0;20200303;161003;100.190000000;50
RU000A101H43;0;20200303;161014;100.190000000;150
RU000A101H43;0;20200303;161142;100.190000000;100
RU000A101H43;0;20200303;161247;100.190000000;20
RU000A101H43;0;20200303;161256;100.190000000;129
RU000A101H43;0;20200303;161349;100.190000000;97
RU000A101H43;0;20200303;161354;100.190000000;10
RU000A101H43;0;20200303;161544;100.180000000;15
RU000A101H43;0;20200303;161632;100.180000000;10
RU000A101H43;0;20200303;161632;100.180000000;40
RU000A101H43;0;20200303;161840;100.180000000;10
RU000A101H43;0;20200303;162018;100.180000000;50
RU000A101H43;0;20200303;162324;100.170000000;5
RU000A101H43;0;20200303;162505;100.170000000;5
RU000A101H43;0;20200303;162505;100.170000000;45
RU000A101H43;0;20200303;162704;100.170000000;2
RU000A101H43;0;20200303;162738;100.170000000;3
RU000A101H43;0;20200303;162738;100.170000000;2
RU000A101H43;0;20200303;162803;100.180000000;5
RU000A101H43;0;20200303;163146;100.180000000;250
RU000A101H43;0;20200303;163345;100.180000000;5
RU000A101H43;0;20200303;163530;100.180000000;30
RU000A101H43;0;20200303;163728;100.170000000;15
RU000A101H43;0;20200303;163806;100.180000000;10
RU000A101H43;0;20200303;163912;100.180000000;2
RU000A101H43;0;20200303;164213;100.180000000;1
RU000A101H43;0;20200303;164257;100.180000000;2
RU000A101H43;0;20200303;164345;100.180000000;30
RU000A101H43;0;20200303;164351;100.180000000;7
RU000A101H43;0;20200303;164409;100.180000000;10
RU000A101H43;0;20200303;164449;100.180000000;49
RU000A101H43;0;20200303;164729;100.180000000;10
RU000A101H43;0;20200303;164903;100.180000000;1
RU000A101H43;0;20200303;164946;100.180000000;1
RU000A101H43;0;20200303;165031;100.180000000;5
RU000A101H43;0;20200303;165056;100.180000000;253
RU000A101H43;0;20200303;165233;100.180000000;140
RU000A101H43;0;20200303;165247;100.180000000;11
RU000A101H43;0;20200303;165306;100.180000000;30
RU000A101H43;0;20200303;165336;100.180000000;100
RU000A101H43;0;20200303;165520;100.180000000;20
RU000A101H43;0;20200303;165648;100.180000000;10
RU000A101H43;0;20200303;165752;100.180000000;1
RU000A101H43;0;20200303;165814;100.180000000;1
RU000A101H43;0;20200303;165922;100.180000000;19
RU000A101H43;0;20200303;165954;100.170000000;1
RU000A101H43;0;20200303;170022;100.170000000;9
RU000A101H43;0;20200303;170022;100.160000000;10
RU000A101H43;0;20200303;170022;100.150000000;13
RU000A101H43;0;20200303;170022;100.150000000;1
RU000A101H43;0;20200303;170022;100.150000000;40
RU000A101H43;0;20200303;170022;100.150000000;50
RU000A101H43;0;20200303;170022;100.140000000;50
RU000A101H43;0;20200303;170022;100.130000000;1
RU000A101H43;0;20200303;170022;100.130000000;50
RU000A101H43;0;20200303;170022;100.130000000;27
RU000A101H43;0;20200303;170022;100.120000000;1
RU000A101H43;0;20200303;170022;100.120000000;10
RU000A101H43;0;20200303;170022;100.120000000;2
RU000A101H43;0;20200303;170022;100.120000000;1111
RU000A101H43;0;20200303;170022;100.120000000;480
RU000A101H43;0;20200303;170022;100.120000000;50
RU000A101H43;0;20200303;170022;100.110000000;222
RU000A101H43;0;20200303;170022;100.110000000;5
RU000A101H43;0;20200303;170022;100.110000000;1
RU000A101H43;0;20200303;170022;100.110000000;100
RU000A101H43;0;20200303;170022;100.110000000;10
RU000A101H43;0;20200303;170022;100.110000000;40
RU000A101H43;0;20200303;170022;100.110000000;1
RU000A101H43;0;20200303;170022;100.100000000;2924
RU000A101H43;0;20200303;170022;100.100000000;6
RU000A101H43;0;20200303;170022;100.100000000;10
RU000A101H43;0;20200303;170022;100.100000000;50
RU000A101H43;0;20200303;170022;100.100000000;10
RU000A101H43;0;20200303;170022;100.100000000;1
RU000A101H43;0;20200303;170022;100.100000000;700
RU000A101H43;0;20200303;170022;100.100000000;5
RU000A101H43;0;20200303;170022;100.100000000;1500
RU000A101H43;0;20200303;170022;100.100000000;40
RU000A101H43;0;20200303;170022;100.100000000;2
RU000A101H43;0;20200303;170022;100.100000000;3
RU000A101H43;0;20200303;170147;100.100000000;1
RU000A101H43;0;20200303;170244;100.100000000;50
RU000A101H43;0;20200303;170315;100.100000000;50
RU000A101H43;0;20200303;170414;100.100000000;1
RU000A101H43;0;20200303;170543;100.100000000;298
RU000A101H43;0;20200303;170654;100.100000000;10
RU000A101H43;0;20200303;170702;100.100000000;10
RU000A101H43;0;20200303;170706;100.100000000;6
RU000A101H43;0;20200303;170801;100.100000000;540
RU000A101H43;0;20200303;170843;100.100000000;29
RU000A101H43;0;20200303;170913;100.100000000;320
RU000A101H43;0;20200303;170938;100.100000000;20
RU000A101H43;0;20200303;171147;100.100000000;1
RU000A101H43;0;20200303;171320;100.100000000;1
RU000A101H43;0;20200303;171425;100.100000000;10
RU000A101H43;0;20200303;171600;100.100000000;40
RU000A101H43;0;20200303;171620;100.100000000;2
RU000A101H43;0;20200303;171634;100.100000000;1
RU000A101H43;0;20200303;171635;100.100000000;821
RU000A101H43;0;20200303;171722;100.100000000;1400
RU000A101H43;0;20200303;171723;100.100000000;54
RU000A101H43;0;20200303;171734;100.100000000;12
RU000A101H43;0;20200303;171804;100.100000000;1
RU000A101H43;0;20200303;171823;100.100000000;30
RU000A101H43;0;20200303;171924;100.100000000;30
RU000A101H43;0;20200303;172142;100.100000000;187
RU000A101H43;0;20200303;172200;100.100000000;5
RU000A101H43;0;20200303;172230;100.100000000;2
RU000A101H43;0;20200303;172308;100.100000000;10
RU000A101H43;0;20200303;172442;100.090000000;38
RU000A101H43;0;20200303;172442;100.090000000;2
RU000A101H43;0;20200303;172442;100.080000000;10
RU000A101H43;0;20200303;172442;100.070000000;1
RU000A101H43;0;20200303;172442;100.070000000;10
RU000A101H43;0;20200303;172442;100.060000000;10
RU000A101H43;0;20200303;172442;100.060000000;200
RU000A101H43;0;20200303;172442;100.060000000;20
RU000A101H43;0;20200303;172442;100.060000000;1
RU000A101H43;0;20200303;172442;100.060000000;10
RU000A101H43;0;20200303;172442;100.060000000;40
RU000A101H43;0;20200303;172442;100.050000000;15
RU000A101H43;0;20200303;172442;100.050000000;20
RU000A101H43;0;20200303;172442;100.050000000;10
RU000A101H43;0;20200303;172442;100.050000000;1
RU000A101H43;0;20200303;172442;100.050000000;21
RU000A101H43;0;20200303;172442;100.050000000;50
RU000A101H43;0;20200303;172442;100.050000000;5
RU000A101H43;0;20200303;172442;100.050000000;10
RU000A101H43;0;20200303;172442;100.050000000;1
RU000A101H43;0;20200303;172442;100.040000000;10
RU000A101H43;0;20200303;172442;100.040000000;10
RU000A101H43;0;20200303;172442;100.040000000;1
RU000A101H43;0;20200303;172442;100.040000000;250
RU000A101H43;0;20200303;172442;100.040000000;24
RU000A101H43;0;20200303;172442;100.040000000;30
RU000A101H43;0;20200303;172442;100.030000000;10
RU000A101H43;0;20200303;172442;100.030000000;20
RU000A101H43;0;20200303;172442;100.030000000;500
RU000A101H43;0;20200303;172442;100.030000000;20
RU000A101H43;0;20200303;172442;100.030000000;10
RU000A101H43;0;20200303;172442;100.030000000;1
RU000A101H43;0;20200303;172442;100.030000000;5
RU000A101H43;0;20200303;172442;100.030000000;28
RU000A101H43;0;20200303;172442;100.030000000;150
RU000A101H43;0;20200303;172442;100.030000000;30
RU000A101H43;0;20200303;172442;100.020000000;10
RU000A101H43;0;20200303;172442;100.020000000;3
RU000A101H43;0;20200303;172442;100.020000000;10
RU000A101H43;0;20200303;172442;100.020000000;1
RU000A101H43;0;20200303;172442;100.020000000;10
RU000A101H43;0;20200303;172442;100.020000000;1
RU000A101H43;0;20200303;172442;100.020000000;5
RU000A101H43;0;20200303;172442;100.020000000;1
RU000A101H43;0;20200303;172442;100.020000000;1
RU000A101H43;0;20200303;172442;100.020000000;1384
RU000A101H43;0;20200303;172457;100.100000000;2
RU000A101H43;0;20200303;172546;100.100000000;40
RU000A101H43;0;20200303;172602;100.100000000;20
RU000A101H43;0;20200303;173128;100.130000000;1
RU000A101H43;0;20200303;173128;100.140000000;2
RU000A101H43;0;20200303;173146;100.130000000;1
RU000A101H43;0;20200303;173159;100.120000000;48
RU000A101H43;0;20200303;173159;100.150000000;552
RU000A101H43;0;20200303;173219;100.140000000;1
RU000A101H43;0;20200303;173221;100.140000000;298
RU000A101H43;0;20200303;173221;100.150000000;148
RU000A101H43;0;20200303;173221;100.150000000;50
RU000A101H43;0;20200303;173221;100.170000000;50
RU000A101H43;0;20200303;173221;100.170000000;54
RU000A101H43;0;20200303;173233;100.160000000;1
RU000A101H43;0;20200303;173353;100.160000000;10
RU000A101H43;0;20200303;173439;100.160000000;54
RU000A101H43;0;20200303;173523;100.160000000;35
RU000A101H43;0;20200303;173523;100.170000000;346
RU000A101H43;0;20200303;173523;100.170000000;17
RU000A101H43;0;20200303;173909;100.160000000;50
RU000A101H43;0;20200303;173928;100.160000000;1
RU000A101H43;0;20200303;173944;100.160000000;26
RU000A101H43;0;20200303;174058;100.160000000;5
RU000A101H43;0;20200303;174115;100.160000000;57
RU000A101H43;0;20200303;174408;100.160000000;1
RU000A101H43;0;20200303;174423;100.160000000;100
RU000A101H43;0;20200303;174629;100.160000000;300
RU000A101H43;0;20200303;174940;100.150000000;10
RU000A101H43;0;20200303;175438;100.150000000;1
RU000A101H43;0;20200303;175518;100.150000000;201
RU000A101H43;0;20200303;175615;100.100000000;20
RU000A101H43;0;20200303;175615;100.100000000;20
RU000A101H43;0;20200303;175615;100.100000000;2
RU000A101H43;0;20200303;175615;100.100000000;1
RU000A101H43;0;20200303;175618;100.100000000;10
RU000A101H43;0;20200303;175637;100.100000000;6
RU000A101H43;0;20200303;175645;100.100000000;80
RU000A101H43;0;20200303;175818;100.100000000;11
RU000A101H43;0;20200303;175854;100.150000000;1
RU000A101H43;0;20200303;180117;100.150000000;50
RU000A101H43;0;20200303;180318;100.150000000;1
RU000A101H43;0;20200303;180417;100.150000000;1
RU000A101H43;0;20200303;180900;100.110000000;1
RU000A101H43;0;20200303;180950;100.100000000;9
RU000A101H43;0;20200303;181044;100.150000000;8
RU000A101H43;0;20200303;181141;100.150000000;50
RU000A101H43;0;20200303;181143;100.150000000;10
RU000A101H43;0;20200303;181238;100.150000000;10
RU000A101H43;0;20200303;181248;100.150000000;150
RU000A101H43;0;20200303;181438;100.150000000;10
RU000A101H43;0;20200303;181756;100.100000000;40
RU000A101H43;0;20200303;181756;100.100000000;20
RU000A101H43;0;20200303;181756;100.100000000;1
RU000A101H43;0;20200303;181756;100.100000000;8
RU000A101H43;0;20200303;181756;100.100000000;1
RU000A101H43;0;20200303;181756;100.090000000;10
RU000A101H43;0;20200303;181756;100.080000000;1
RU000A101H43;0;20200303;181756;100.070000000;50
RU000A101H43;0;20200303;181756;100.060000000;10
RU000A101H43;0;20200303;181756;100.060000000;30
RU000A101H43;0;20200303;181756;100.060000000;10
RU000A101H43;0;20200303;181756;100.060000000;3
RU000A101H43;0;20200303;181756;100.060000000;17
RU000A101H43;0;20200303;181756;100.060000000;1
RU000A101H43;0;20200303;181756;100.060000000;47
RU000A101H43;0;20200303;181756;100.050000000;100
RU000A101H43;0;20200303;181756;100.050000000;11
RU000A101H43;0;20200303;182027;100.150000000;50
RU000A101H43;0;20200303;182442;100.100000000;1
RU000A101H43;0;20200303;182819;100.100000000;11
RU000A101H43;0;20200303;182858;100.100000000;38
RU000A101H43;0;20200303;182905;100.100000000;5
RU000A101H43;0;20200303;182918;100.100000000;1
RU000A101H43;0;20200303;182949;100.100000000;20
RU000A101H43;0;20200303;183019;100.050000000;10
RU000A101H43;0;20200303;183036;100.100000000;9
RU000A101H43;0;20200303;183147;100.100000000;19
RU000A101H43;0;20200303;183228;100.100000000;6
RU000A101H43;0;20200303;183341;100.100000000;1
RU000A101H43;0;20200303;183523;100.100000000;5
RU000A101H43;0;20200303;183550;100.100000000;11
RU000A101H43;0;20200303;183606;100.100000000;15
RU000A101H43;0;20200303;183647;100.100000000;50
RU000A101H43;0;20200303;183648;100.100000000;2
RU000A101H43;0;20200303;183749;100.100000000;50
RU000A101H43;0;20200303;183845;100.100000000;39
RU000A101H43;0;20200303;183918;100.100000000;10
RU000A101H43;0;20200303;184106;100.100000000;10
RU000A101H43;0;20200303;184158;100.100000000;3
RU000A101H43;0;20200303;184221;100.100000000;200
RU000A101H43;0;20200303;184315;100.100000000;100
RU000A101H43;0;20200303;184426;100.100000000;2
RU000A101H43;0;20200303;184426;100.100000000;1
RU000A101H43;0;20200303;184431;100.100000000;23
RU000A101H43;0;20200304;100131;100.160000000;2
RU000A101H43;0;20200304;100138;100.160000000;3
RU000A101H43;0;20200304;100144;100.160000000;50
RU000A101H43;0;20200304;100151;100.160000000;5
RU000A101H43;0;20200304;100223;100.290000000;1
RU000A101H43;0;20200304;100334;100.290000000;30
RU000A101H43;0;20200304;100354;100.290000000;2
RU000A101H43;0;20200304;100354;100.290000000;8
RU000A101H43;0;20200304;100358;100.200000000;60
RU000A101H43;0;20200304;100408;100.200000000;18
RU000A101H43;0;20200304;100425;100.160000000;5
RU000A101H43;0;20200304;100425;100.160000000;50
RU000A101H43;0;20200304;100434;100.200000000;20
RU000A101H43;0;20200304;100448;100.200000000;102
RU000A101H43;0;20200304;100452;100.200000000;5
RU000A101H43;0;20200304;100455;100.200000000;18
RU000A101H43;0;20200304;100514;100.200000000;5
RU000A101H43;0;20200304;100514;100.150000000;150
RU000A101H43;0;20200304;100522;100.200000000;50
RU000A101H43;0;20200304;100539;100.200000000;20
RU000A101H43;0;20200304;100558;100.150000000;44
RU000A101H43;0;20200304;100558;100.150000000;15
RU000A101H43;0;20200304;100612;100.150000000;10
RU000A101H43;0;20200304;100615;100.150000000;20
RU000A101H43;0;20200304;100718;100.150000000;20
RU000A101H43;0;20200304;100743;100.120000000;10
RU000A101H43;0;20200304;100814;100.150000000;50
RU000A101H43;0;20200304;100820;100.150000000;10
RU000A101H43;0;20200304;100824;100.150000000;50
RU000A101H43;0;20200304;100828;100.120000000;21
RU000A101H43;0;20200304;100828;100.120000000;1
RU000A101H43;0;20200304;100828;100.100000000;10
RU000A101H43;0;20200304;100828;100.100000000;10
RU000A101H43;0;20200304;100828;100.100000000;45
RU000A101H43;0;20200304;100828;100.100000000;107
RU000A101H43;0;20200304;100828;100.100000000;5
RU000A101H43;0;20200304;100927;100.040000000;1
RU000A101H43;0;20200304;100948;100.150000000;100
RU000A101H43;0;20200304;101224;100.150000000;10
RU000A101H43;0;20200304;101233;100.150000000;1
RU000A101H43;0;20200304;101247;100.150000000;49
RU000A101H43;0;20200304;101341;100.150000000;1
RU000A101H43;0;20200304;101412;100.100000000;5
RU000A101H43;0;20200304;101437;100.150000000;18
RU000A101H43;0;20200304;101440;100.150000000;10
RU000A101H43;0;20200304;101510;100.150000000;500
RU000A101H43;0;20200304;101708;100.150000000;10
RU000A101H43;0;20200304;101709;100.150000000;3
RU000A101H43;0;20200304;101813;100.150000000;20
RU000A101H43;0;20200304;101913;100.150000000;11
RU000A101H43;0;20200304;101927;100.150000000;43
RU000A101H43;0;20200304;101943;100.110000000;10
RU000A101H43;0;20200304;101943;100.110000000;1
RU000A101H43;0;20200304;101943;100.110000000;10
RU000A101H43;0;20200304;101943;100.110000000;10
RU000A101H43;0;20200304;101943;100.110000000;10
RU000A101H43;0;20200304;101943;100.110000000;9
RU000A101H43;0;20200304;101955;100.110000000;41
RU000A101H43;0;20200304;101955;100.100000000;10
RU000A101H43;0;20200304;101955;100.100000000;1
RU000A101H43;0;20200304;101955;100.100000000;54
RU000A101H43;0;20200304;101955;100.100000000;37
RU000A101H43;0;20200304;101956;100.150000000;5
RU000A101H43;0;20200304;102040;100.150000000;2
RU000A101H43;0;20200304;102054;100.150000000;998
RU000A101H43;0;20200304;102313;100.180000000;1
RU000A101H43;0;20200304;102318;100.180000000;50
RU000A101H43;0;20200304;102328;100.150000000;2
RU000A101H43;0;20200304;102328;100.150000000;100
RU000A101H43;0;20200304;102434;100.180000000;1
RU000A101H43;0;20200304;102439;100.180000000;5
RU000A101H43;0;20200304;102532;100.170000000;1
RU000A101H43;0;20200304;102543;100.170000000;10
RU000A101H43;0;20200304;102544;100.170000000;1
RU000A101H43;0;20200304;102625;100.170000000;3
RU000A101H43;0;20200304;102829;100.170000000;1
RU000A101H43;0;20200304;102859;100.170000000;97
RU000A101H43;0;20200304;102907;100.170000000;50
RU000A101H43;0;20200304;102925;100.180000000;5
RU000A101H43;0;20200304;102943;100.170000000;98
RU000A101H43;0;20200304;102943;100.180000000;2902
RU000A101H43;0;20200304;103023;100.180000000;1
RU000A101H43;0;20200304;103358;100.180000000;22
RU000A101H43;0;20200304;103455;100.170000000;1
RU000A101H43;0;20200304;103626;100.170000000;9
RU000A101H43;0;20200304;103626;100.180000000;16
RU000A101H43;0;20200304;103720;100.180000000;25
RU000A101H43;0;20200304;103726;100.180000000;1
RU000A101H43;0;20200304;103807;100.180000000;5
RU000A101H43;0;20200304;103816;100.180000000;1
RU000A101H43;0;20200304;103827;100.160000000;100
RU000A101H43;0;20200304;103827;100.160000000;10
RU000A101H43;0;20200304;103841;100.150000000;100
RU000A101H43;0;20200304;103841;100.150000000;145
RU000A101H43;0;20200304;103841;100.150000000;50
RU000A101H43;0;20200304;103841;100.150000000;1
RU000A101H43;0;20200304;103841;100.140000000;94
RU000A101H43;0;20200304;103852;100.180000000;8
RU000A101H43;0;20200304;104349;100.180000000;24
RU000A101H43;0;20200304;104356;100.180000000;3
RU000A101H43;0;20200304;104523;100.180000000;5
RU000A101H43;0;20200304;104530;100.180000000;15
RU000A101H43;0;20200304;104618;100.180000000;10
RU000A101H43;0;20200304;104727;100.180000000;5
RU000A101H43;0;20200304;104940;100.160000000;10
RU000A101H43;0;20200304;105016;100.180000000;4
RU000A101H43;0;20200304;105104;100.180000000;1
RU000A101H43;0;20200304;105130;100.180000000;10
RU000A101H43;0;20200304;105237;100.180000000;2
RU000A101H43;0;20200304;105333;100.180000000;5
RU000A101H43;0;20200304;105410;100.160000000;20
RU000A101H43;0;20200304;105410;100.160000000;1
RU000A101H43;0;20200304;105623;100.160000000;20
RU000A101H43;0;20200304;105700;100.160000000;90
RU000A101H43;0;20200304;105737;100.160000000;1
RU000A101H43;0;20200304;105813;100.160000000;50
RU000A101H43;0;20200304;105842;100.160000000;240
RU000A101H43;0;20200304;105846;100.160000000;10
RU000A101H43;0;20200304;110134;100.150000000;10
RU000A101H43;0;20200304;110134;100.150000000;4
RU000A101H43;0;20200304;110134;100.150000000;1
RU000A101H43;0;20200304;110134;100.150000000;10
RU000A101H43;0;20200304;110405;100.150000000;35
RU000A101H43;0;20200304;110725;100.140000000;56
RU000A101H43;0;20200304;110725;100.140000000;10
RU000A101H43;0;20200304;110725;100.140000000;100
RU000A101H43;0;20200304;110758;100.140000000;10
RU000A101H43;0;20200304;110839;100.140000000;10
RU000A101H43;0;20200304;110842;100.130000000;200
RU000A101H43;0;20200304;110842;100.130000000;4800
RU000A101H43;0;20200304;110924;100.140000000;28
RU000A101H43;0;20200304;111036;100.140000000;20
RU000A101H43;0;20200304;111216;100.140000000;150
RU000A101H43;0;20200304;111230;100.140000000;1
RU000A101H43;0;20200304;111327;100.140000000;5
RU000A101H43;0;20200304;111342;100.140000000;48
RU000A101H43;0;20200304;111559;100.140000000;200
RU000A101H43;0;20200304;111827;100.140000000;1
RU000A101H43;0;20200304;112047;100.140000000;50
RU000A101H43;0;20200304;112203;100.140000000;3
RU000A101H43;0;20200304;112208;100.140000000;8
RU000A101H43;0;20200304;112515;100.140000000;15
RU000A101H43;0;20200304;112649;100.140000000;4
RU000A101H43;0;20200304;112838;100.140000000;1
RU000A101H43;0;20200304;113008;100.140000000;20
RU000A101H43;0;20200304;113120;100.140000000;1
RU000A101H43;0;20200304;113312;100.130000000;5200
RU000A101H43;0;20200304;113312;100.130000000;5
RU000A101H43;0;20200304;113838;100.130000000;1
RU000A101H43;0;20200304;114012;100.120000000;28
RU000A101H43;0;20200304;114012;100.120000000;1
RU000A101H43;0;20200304;114012;100.120000000;1
RU000A101H43;0;20200304;114012;100.120000000;20
RU000A101H43;0;20200304;114349;100.130000000;1
RU000A101H43;0;20200304;114359;100.130000000;5
RU000A101H43;0;20200304;114456;100.130000000;1
RU000A101H43;0;20200304;114531;100.120000000;10
RU000A101H43;0;20200304;114531;100.120000000;5
RU000A101H43;0;20200304;114531;100.120000000;1
RU000A101H43;0;20200304;114531;100.120000000;50
RU000A101H43;0;20200304;114531;100.120000000;15
RU000A101H43;0;20200304;114531;100.120000000;50
RU000A101H43;0;20200304;114554;100.120000000;200
RU000A101H43;0;20200304;114616;100.120000000;61
RU000A101H43;0;20200304;114831;100.120000000;10
RU000A101H43;0;20200304;114833;100.120000000;210
RU000A101H43;0;20200304;114840;100.120000000;10
RU000A101H43;0;20200304;115104;100.120000000;10
RU000A101H43;0;20200304;115119;100.120000000;10
RU000A101H43;0;20200304;115253;100.120000000;22
RU000A101H43;0;20200304;115258;100.120000000;350
RU000A101H43;0;20200304;115258;100.120000000;1
RU000A101H43;0;20200304;115300;100.120000000;2
RU000A101H43;0;20200304;115556;100.120000000;500
RU000A101H43;0;20200304;115634;100.110000000;2000
RU000A101H43;0;20200304;115634;100.110000000;5
RU000A101H43;0;20200304;115634;100.110000000;10
RU000A101H43;0;20200304;115634;100.100000000;363
RU000A101H43;0;20200304;115634;100.100000000;30
RU000A101H43;0;20200304;115634;100.100000000;10
RU000A101H43;0;20200304;115634;100.100000000;200
RU000A101H43;0;20200304;115634;100.100000000;10
RU000A101H43;0;20200304;115634;100.100000000;8
RU000A101H43;0;20200304;115634;100.100000000;50
RU000A101H43;0;20200304;115634;100.100000000;13
RU000A101H43;0;20200304;115634;100.100000000;1
RU000A101H43;0;20200304;115634;100.100000000;30
RU000A101H43;0;20200304;115634;100.100000000;1
RU000A101H43;0;20200304;115634;100.100000000;2
RU000A101H43;0;20200304;115634;100.100000000;20
RU000A101H43;0;20200304;115634;100.100000000;3
RU000A101H43;0;20200304;115910;100.100000000;5
RU000A101H43;0;20200304;115920;100.100000000;569
RU000A101H43;0;20200304;120000;100.120000000;1
RU000A101H43;0;20200304;120146;100.120000000;150
RU000A101H43;0;20200304;120201;100.120000000;50
RU000A101H43;0;20200304;120509;100.120000000;41
RU000A101H43;0;20200304;120655;100.120000000;499
RU000A101H43;0;20200304;120728;100.120000000;1
RU000A101H43;0;20200304;120728;100.120000000;9
RU000A101H43;0;20200304;120754;100.120000000;991
RU000A101H43;0;20200304;120754;100.120000000;7
RU000A101H43;0;20200304;120829;100.120000000;299
RU000A101H43;0;20200304;121006;100.100000000;10
RU000A101H43;0;20200304;121050;100.120000000;50
RU000A101H43;0;20200304;121054;100.120000000;10
RU000A101H43;0;20200304;121154;100.120000000;6
RU000A101H43;0;20200304;121250;100.100000000;8
RU000A101H43;0;20200304;121250;100.100000000;9
RU000A101H43;0;20200304;121402;100.100000000;3
RU000A101H43;0;20200304;121536;100.100000000;7
RU000A101H43;0;20200304;121553;100.100000000;1
RU000A101H43;0;20200304;121631;100.100000000;1
RU000A101H43;0;20200304;121655;100.100000000;10
RU000A101H43;0;20200304;121702;100.100000000;1
RU000A101H43;0;20200304;121702;100.120000000;2
RU000A101H43;0;20200304;121929;100.090000000;10
RU000A101H43;0;20200304;122116;100.120000000;1
RU000A101H43;0;20200304;122322;100.120000000;24
RU000A101H43;0;20200304;122407;100.120000000;5
RU000A101H43;0;20200304;122624;100.120000000;360
RU000A101H43;0;20200304;122814;100.120000000;29
RU000A101H43;0;20200304;122929;100.120000000;3
RU000A101H43;0;20200304;123019;100.120000000;1
RU000A101H43;0;20200304;123054;100.100000000;2
RU000A101H43;0;20200304;123102;100.120000000;100
RU000A101H43;0;20200304;123235;100.120000000;5
RU000A101H43;0;20200304;123320;100.120000000;6
RU000A101H43;0;20200304;123332;100.120000000;50
RU000A101H43;0;20200304;123523;100.120000000;100
RU000A101H43;0;20200304;123729;100.120000000;5
RU000A101H43;0;20200304;123803;100.120000000;20
RU000A101H43;0;20200304;123910;100.120000000;1
RU000A101H43;0;20200304;123956;100.120000000;33
RU000A101H43;0;20200304;124140;100.120000000;41
RU000A101H43;0;20200304;124344;100.120000000;3
RU000A101H43;0;20200304;124400;100.120000000;3
RU000A101H43;0;20200304;124401;100.120000000;87
RU000A101H43;0;20200304;124417;100.120000000;10
RU000A101H43;0;20200304;124444;100.120000000;30
RU000A101H43;0;20200304;124735;100.120000000;1
RU000A101H43;0;20200304;125105;100.110000000;10
RU000A101H43;0;20200304;125351;100.110000000;50
RU000A101H43;0;20200304;125552;100.110000000;20
RU000A101H43;0;20200304;125618;100.110000000;3
RU000A101H43;0;20200304;125912;100.110000000;15
RU000A101H43;0;20200304;130059;100.110000000;1
RU000A101H43;0;20200304;130200;100.110000000;1
RU000A101H43;0;20200304;130208;100.120000000;1
RU000A101H43;0;20200304;130441;100.120000000;1000
RU000A101H43;0;20200304;130537;100.120000000;1
RU000A101H43;0;20200304;130814;100.120000000;100
RU000A101H43;0;20200304;130846;100.120000000;8
RU000A101H43;0;20200304;131103;100.120000000;10
RU000A101H43;0;20200304;131632;100.120000000;3
RU000A101H43;0;20200304;131656;100.120000000;1
RU000A101H43;0;20200304;132038;100.120000000;37
RU000A101H43;0;20200304;132053;100.120000000;300
RU000A101H43;0;20200304;132127;100.120000000;8
RU000A101H43;0;20200304;132156;100.120000000;261
RU000A101H43;0;20200304;132320;100.120000000;100
RU000A101H43;0;20200304;132512;100.120000000;1
RU000A101H43;0;20200304;132618;100.120000000;75
RU000A101H43;0;20200304;132627;100.120000000;105
RU000A101H43;0;20200304;132718;100.120000000;1
RU000A101H43;0;20200304;132724;100.120000000;50
RU000A101H43;0;20200304;132914;100.120000000;19
RU000A101H43;0;20200304;133015;100.120000000;5
RU000A101H43;0;20200304;133312;100.120000000;95
RU000A101H43;0;20200304;133659;100.120000000;10
RU000A101H43;0;20200304;133819;100.120000000;19
RU000A101H43;0;20200304;133824;100.120000000;3
RU000A101H43;0;20200304;134224;100.120000000;1
RU000A101H43;0;20200304;134244;100.120000000;10
RU000A101H43;0;20200304;134317;100.120000000;2
RU000A101H43;0;20200304;134946;100.120000000;1
RU000A101H43;0;20200304;135600;100.120000000;15
RU000A101H43;0;20200304;135946;100.120000000;20
RU000A101H43;0;20200304;140153;100.120000000;200
RU000A101H43;0;20200304;140203;100.120000000;9
RU000A101H43;0;20200304;140407;100.120000000;50
RU000A101H43;0;20200304;141141;100.120000000;45
RU000A101H43;0;20200304;141543;100.120000000;50
RU000A101H43;0;20200304;141909;100.120000000;4
RU000A101H43;0;20200304;141945;100.120000000;395
RU000A101H43;0;20200304;142019;100.120000000;250
RU000A101H43;0;20200304;142131;100.120000000;4
RU000A101H43;0;20200304;142918;100.120000000;100
RU000A101H43;0;20200304;143017;100.120000000;1
RU000A101H43;0;20200304;143037;100.120000000;21
RU000A101H43;0;20200304;143102;100.120000000;2
RU000A101H43;0;20200304;143131;100.120000000;86
RU000A101H43;0;20200304;143247;100.120000000;5
RU000A101H43;0;20200304;143546;100.120000000;50
RU000A101H43;0;20200304;143557;100.120000000;200
RU000A101H43;0;20200304;143931;100.120000000;20
RU000A101H43;0;20200304;143945;100.120000000;1
RU000A101H43;0;20200304;144025;100.120000000;3
RU000A101H43;0;20200304;144104;100.120000000;100
RU000A101H43;0;20200304;144130;100.120000000;1
RU000A101H43;0;20200304;144418;100.120000000;17
RU000A101H43;0;20200304;144513;100.120000000;150
RU000A101H43;0;20200304;145232;100.120000000;1
RU000A101H43;0;20200304;145706;100.120000000;1000
RU000A101H43;0;20200304;150012;100.120000000;20
RU000A101H43;0;20200304;150111;100.120000000;2
RU000A101H43;0;20200304;150125;100.120000000;110
RU000A101H43;0;20200304;150441;100.120000000;5
RU000A101H43;0;20200304;150554;100.120000000;10
RU000A101H43;0;20200304;150708;100.110000000;50
RU000A101H43;0;20200304;151212;100.120000000;30
RU000A101H43;0;20200304;151837;100.120000000;2
RU000A101H43;0;20200304;151906;100.120000000;105
RU000A101H43;0;20200304;151943;100.120000000;22
RU000A101H43;0;20200304;152029;100.120000000;94
RU000A101H43;0;20200304;152202;100.120000000;40
RU000A101H43;0;20200304;152203;100.120000000;190
RU000A101H43;0;20200304;152209;100.120000000;50
RU000A101H43;0;20200304;152659;100.120000000;25
RU000A101H43;0;20200304;152751;100.120000000;50
RU000A101H43;0;20200304;152824;100.120000000;2
RU000A101H43;0;20200304;152903;100.120000000;35
RU000A101H43;0;20200304;152915;100.120000000;500
RU000A101H43;0;20200304;153109;100.120000000;1
RU000A101H43;0;20200304;153137;100.120000000;50
RU000A101H43;0;20200304;153325;100.120000000;20
RU000A101H43;0;20200304;153831;100.120000000;4
RU000A101H43;0;20200304;153845;100.120000000;14
RU000A101H43;0;20200304;153911;100.120000000;102
RU000A101H43;0;20200304;154050;100.120000000;5
RU000A101H43;0;20200304;154321;100.120000000;10
RU000A101H43;0;20200304;154327;100.120000000;2400
RU000A101H43;0;20200304;154421;100.120000000;11
RU000A101H43;0;20200304;154431;100.120000000;5
RU000A101H43;0;20200304;154531;100.120000000;1
RU000A101H43;0;20200304;154757;100.120000000;4
RU000A101H43;0;20200304;154838;100.120000000;1
RU000A101H43;0;20200304;154914;100.110000000;5
RU000A101H43;0;20200304;154914;100.110000000;1
RU000A101H43;0;20200304;154914;100.110000000;100
RU000A101H43;0;20200304;154914;100.110000000;30
RU000A101H43;0;20200304;154914;100.110000000;42
RU000A101H43;0;20200304;154914;100.110000000;15
RU000A101H43;0;20200304;154914;100.110000000;10
RU000A101H43;0;20200304;154914;100.110000000;197
RU000A101H43;0;20200304;154918;100.120000000;120
RU000A101H43;0;20200304;155021;100.120000000;2
RU000A101H43;0;20200304;155210;100.120000000;100
RU000A101H43;0;20200304;155230;100.120000000;450
RU000A101H43;0;20200304;155326;100.120000000;3000
RU000A101H43;0;20200304;155346;100.120000000;37
RU000A101H43;0;20200304;155412;100.120000000;37
RU000A101H43;0;20200304;155438;100.120000000;820
RU000A101H43;0;20200304;155600;100.120000000;820
RU000A101H43;0;20200304;155612;100.120000000;5
RU000A101H43;0;20200304;155634;100.120000000;101
RU000A101H43;0;20200304;155818;100.120000000;5
RU000A101H43;0;20200304;155955;100.120000000;978
RU000A101H43;0;20200304;160337;100.120000000;4
RU000A101H43;0;20200304;160608;100.120000000;9
RU000A101H43;0;20200304;160621;100.120000000;1
RU000A101H43;0;20200304;160751;100.120000000;2
RU000A101H43;0;20200304;160827;100.120000000;2
RU000A101H43;0;20200304;161303;100.120000000;20
RU000A101H43;0;20200304;161342;100.120000000;10
RU000A101H43;0;20200304;161458;100.120000000;10
RU000A101H43;0;20200304;161608;100.120000000;1
RU000A101H43;0;20200304;161618;100.120000000;190
RU000A101H43;0;20200304;161938;100.120000000;129
RU000A101H43;0;20200304;162126;100.120000000;3
RU000A101H43;0;20200304;162401;100.120000000;30
RU000A101H43;0;20200304;162605;100.120000000;428
RU000A101H43;0;20200304;162623;100.120000000;3
RU000A101H43;0;20200304;162624;100.120000000;9
RU000A101H43;0;20200304;163054;100.120000000;1
RU000A101H43;0;20200304;163120;100.120000000;1
RU000A101H43;0;20200304;163236;100.120000000;50
RU000A101H43;0;20200304;163242;100.120000000;22
RU000A101H43;0;20200304;163256;100.120000000;25
RU000A101H43;0;20200304;163300;100.120000000;9
RU000A101H43;0;20200304;163307;100.120000000;15
RU000A101H43;0;20200304;163516;100.120000000;11
RU000A101H43;0;20200304;163544;100.110000000;53
RU000A101H43;0;20200304;163544;100.110000000;5
RU000A101H43;0;20200304;163544;100.110000000;22
RU000A101H43;0;20200304;163632;100.120000000;21
RU000A101H43;0;20200304;163849;100.120000000;48
RU000A101H43;0;20200304;163908;100.110000000;5
RU000A101H43;0;20200304;163954;100.120000000;10
RU000A101H43;0;20200304;164042;100.120000000;20
RU000A101H43;0;20200304;164050;100.120000000;150
RU000A101H43;0;20200304;164137;100.120000000;50
RU000A101H43;0;20200304;164321;100.120000000;9
RU000A101H43;0;20200304;164327;100.120000000;678
RU000A101H43;0;20200304;164524;100.120000000;5
RU000A101H43;0;20200304;164733;100.120000000;1
RU000A101H43;0;20200304;164918;100.120000000;16
RU000A101H43;0;20200304;165205;100.120000000;2
RU000A101H43;0;20200304;165533;100.120000000;5
RU000A101H43;0;20200304;165623;100.120000000;100
RU000A101H43;0;20200304;165759;100.120000000;38
RU000A101H43;0;20200304;165851;100.120000000;24
RU000A101H43;0;20200304;170028;100.120000000;25
RU000A101H43;0;20200304;170032;100.120000000;10
RU000A101H43;0;20200304;170132;100.120000000;10
RU000A101H43;0;20200304;170156;100.120000000;5
RU000A101H43;0;20200304;170426;100.110000000;53
RU000A101H43;0;20200304;170426;100.110000000;8
RU000A101H43;0;20200304;170426;100.110000000;4
RU000A101H43;0;20200304;170426;100.110000000;1
RU000A101H43;0;20200304;170426;100.110000000;1
RU000A101H43;0;20200304;170426;100.110000000;5
RU000A101H43;0;20200304;170426;100.110000000;5
RU000A101H43;0;20200304;170426;100.110000000;5
RU000A101H43;0;20200304;170426;100.110000000;11
RU000A101H43;0;20200304;170434;100.120000000;1
RU000A101H43;0;20200304;170551;100.120000000;5292
RU000A101H43;0;20200304;170714;100.120000000;100
RU000A101H43;0;20200304;170716;100.120000000;1597
RU000A101H43;0;20200304;170737;100.120000000;1
RU000A101H43;0;20200304;170750;100.120000000;10
RU000A101H43;0;20200304;170807;100.120000000;119
RU000A101H43;0;20200304;170829;100.120000000;100
RU000A101H43;0;20200304;171114;100.120000000;102
RU000A101H43;0;20200304;171309;100.120000000;1
RU000A101H43;0;20200304;171312;100.120000000;19
RU000A101H43;0;20200304;171526;100.120000000;15
RU000A101H43;0;20200304;171650;100.120000000;3
RU000A101H43;0;20200304;171743;100.120000000;30
RU000A101H43;0;20200304;171758;100.120000000;160
RU000A101H43;0;20200304;171850;100.120000000;3524
RU000A101H43;0;20200304;171850;100.120000000;5
RU000A101H43;0;20200304;171850;100.120000000;25
RU000A101H43;0;20200304;171922;100.130000000;1
RU000A101H43;0;20200304;172012;100.130000000;100
RU000A101H43;0;20200304;172129;100.120000000;25
RU000A101H43;0;20200304;172231;100.130000000;90
RU000A101H43;0;20200304;172241;100.130000000;100
RU000A101H43;0;20200304;172304;100.130000000;10
RU000A101H43;0;20200304;172417;100.130000000;100
RU000A101H43;0;20200304;172431;100.130000000;50
RU000A101H43;0;20200304;172439;100.130000000;9
RU000A101H43;0;20200304;172531;100.130000000;100
RU000A101H43;0;20200304;173129;100.130000000;333
RU000A101H43;0;20200304;173147;100.130000000;510
RU000A101H43;0;20200304;173209;100.130000000;10
RU000A101H43;0;20200304;173303;100.130000000;10
RU000A101H43;0;20200304;173350;100.130000000;3
RU000A101H43;0;20200304;173355;100.130000000;5
RU000A101H43;0;20200304;173442;100.130000000;100
RU000A101H43;0;20200304;173846;100.130000000;469
RU000A101H43;0;20200304;173846;100.140000000;381
RU000A101H43;0;20200304;174130;100.140000000;1
RU000A101H43;0;20200304;174245;100.140000000;25
RU000A101H43;0;20200304;174326;100.140000000;50
RU000A101H43;0;20200304;174332;100.140000000;5
RU000A101H43;0;20200304;174616;100.140000000;101
RU000A101H43;0;20200304;174633;100.140000000;444
RU000A101H43;0;20200304;174639;100.140000000;81
RU000A101H43;0;20200304;174639;100.140000000;10
RU000A101H43;0;20200304;174850;100.130000000;29
RU000A101H43;0;20200304;174850;100.130000000;2
RU000A101H43;0;20200304;174850;100.120000000;964
RU000A101H43;0;20200304;174933;100.140000000;17
RU000A101H43;0;20200304;175041;100.140000000;2
RU000A101H43;0;20200304;175327;100.140000000;66
RU000A101H43;0;20200304;175405;100.140000000;817
RU000A101H43;0;20200304;175405;100.140000000;7
RU000A101H43;0;20200304;175405;100.150000000;176
RU000A101H43;0;20200304;175703;100.150000000;10
RU000A101H43;0;20200304;175749;100.150000000;15
RU000A101H43;0;20200304;180145;100.140000000;1
RU000A101H43;0;20200304;180338;100.140000000;19
RU000A101H43;0;20200304;180440;100.140000000;1
RU000A101H43;0;20200304;180607;100.150000000;29
RU000A101H43;0;20200304;180823;100.150000000;34
RU000A101H43;0;20200304;180948;100.150000000;2
RU000A101H43;0;20200304;181451;100.150000000;11
RU000A101H43;0;20200304;181628;100.150000000;29
RU000A101H43;0;20200304;181926;100.150000000;31
RU000A101H43;0;20200304;182036;100.150000000;80
RU000A101H43;0;20200304;182052;100.150000000;100
RU000A101H43;0;20200304;182414;100.150000000;30
RU000A101H43;0;20200304;182548;100.150000000;100
RU000A101H43;0;20200304;182750;100.140000000;3
RU000A101H43;0;20200304;182944;100.150000000;1
RU000A101H43;0;20200304;183218;100.150000000;2
RU000A101H43;0;20200304;183239;100.150000000;444
RU000A101H43;0;20200304;183612;100.140000000;2
RU000A101H43;0;20200304;183612;100.140000000;3
RU000A101H43;0;20200304;183709;100.140000000;3
RU000A101H43;0;20200304;183733;100.150000000;200
RU000A101H43;0;20200304;183736;100.150000000;30
RU000A101H43;0;20200304;183818;100.150000000;5
RU000A101H43;0;20200304;183909;100.150000000;30
RU000A101H43;0;20200304;184041;100.150000000;25
RU000A101H43;0;20200304;184238;100.150000000;20
RU000A101H43;0;20200304;184345;100.150000000;15
RU000A101H43;0;20200304;184411;100.150000000;4
RU000A101H43;0;20200305;095959;100.200000000;15
RU000A101H43;0;20200305;095959;100.200000000;6
RU000A101H43;0;20200305;100141;100.190000000;33
RU000A101H43;0;20200305;100141;100.190000000;17
RU000A101H43;0;20200305;100141;100.200000000;43
RU000A101H43;0;20200305;100236;100.190000000;40
RU000A101H43;0;20200305;100406;100.190000000;10
RU000A101H43;0;20200305;100406;100.190000000;85
RU000A101H43;0;20200305;100406;100.190000000;405
RU000A101H43;0;20200305;100410;100.150000000;25
RU000A101H43;0;20200305;100439;100.190000000;1
RU000A101H43;0;20200305;100555;100.180000000;1
RU000A101H43;0;20200305;100558;100.150000000;10
RU000A101H43;0;20200305;100628;100.180000000;1
RU000A101H43;0;20200305;100649;100.180000000;7
RU000A101H43;0;20200305;100714;100.180000000;1
RU000A101H43;0;20200305;100744;100.180000000;15
RU000A101H43;0;20200305;100756;100.180000000;580
RU000A101H43;0;20200305;100827;100.180000000;20
RU000A101H43;0;20200305;100932;100.180000000;875
RU000A101H43;0;20200305;100932;100.190000000;1125
RU000A101H43;0;20200305;100945;100.190000000;1
RU000A101H43;0;20200305;101007;100.190000000;500
RU000A101H43;0;20200305;101010;100.190000000;200
RU000A101H43;0;20200305;101050;100.190000000;50
RU000A101H43;0;20200305;101052;100.160000000;25
RU000A101H43;0;20200305;101138;100.190000000;10
RU000A101H43;0;20200305;101212;100.190000000;179
RU000A101H43;0;20200305;101213;100.190000000;3
RU000A101H43;0;20200305;101223;100.190000000;10
RU000A101H43;0;20200305;101225;100.190000000;1
RU000A101H43;0;20200305;101244;100.190000000;3
RU000A101H43;0;20200305;101246;100.190000000;1
RU000A101H43;0;20200305;101329;100.160000000;23
RU000A101H43;0;20200305;101329;100.160000000;1
RU000A101H43;0;20200305;101329;100.160000000;5
RU000A101H43;0;20200305;101342;100.190000000;80
RU000A101H43;0;20200305;101344;100.190000000;1
RU000A101H43;0;20200305;101347;100.150000000;71
RU000A101H43;0;20200305;101352;100.190000000;23
RU000A101H43;0;20200305;101416;100.180000000;40
RU000A101H43;0;20200305;101524;100.180000000;20
RU000A101H43;0;20200305;101646;100.180000000;13
RU000A101H43;0;20200305;101754;100.180000000;20
RU000A101H43;0;20200305;101824;100.180000000;50
RU000A101H43;0;20200305;101834;100.180000000;10
RU000A101H43;0;20200305;101935;100.180000000;147
RU000A101H43;0;20200305;101935;100.190000000;53
RU000A101H43;0;20200305;102019;100.190000000;10
RU000A101H43;0;20200305;102049;100.180000000;28
RU000A101H43;0;20200305;102049;100.180000000;2
RU000A101H43;0;20200305;102052;100.190000000;8
RU000A101H43;0;20200305;102225;100.190000000;9
RU000A101H43;0;20200305;102311;100.190000000;20
RU000A101H43;0;20200305;102403;100.190000000;10
RU000A101H43;0;20200305;102515;100.190000000;10
RU000A101H43;0;20200305;102810;100.190000000;1
RU000A101H43;0;20200305;102903;100.190000000;100
RU000A101H43;0;20200305;102913;100.190000000;10
RU000A101H43;0;20200305;103130;100.190000000;185
RU000A101H43;0;20200305;103323;100.190000000;2
RU000A101H43;0;20200305;103410;100.180000000;10
RU000A101H43;0;20200305;103412;100.190000000;200
RU000A101H43;0;20200305;103436;100.190000000;2
RU000A101H43;0;20200305;103524;100.190000000;2
RU000A101H43;0;20200305;103610;100.190000000;300
RU000A101H43;0;20200305;103819;100.190000000;6
RU000A101H43;0;20200305;103939;100.190000000;1
RU000A101H43;0;20200305;104520;100.190000000;1
RU000A101H43;0;20200305;104654;100.190000000;30
RU000A101H43;0;20200305;104839;100.180000000;1
RU000A101H43;0;20200305;104839;100.180000000;10
RU000A101H43;0;20200305;104839;100.180000000;10
RU000A101H43;0;20200305;104839;100.170000000;10
RU000A101H43;0;20200305;104839;100.170000000;10
RU000A101H43;0;20200305;104839;100.160000000;10
RU000A101H43;0;20200305;104839;100.160000000;5
RU000A101H43;0;20200305;104839;100.160000000;5
RU000A101H43;0;20200305;104839;100.160000000;1
RU000A101H43;0;20200305;104839;100.160000000;20
RU000A101H43;0;20200305;104839;100.160000000;10
RU000A101H43;0;20200305;104839;100.150000000;108
RU000A101H43;0;20200305;104939;100.190000000;150
RU000A101H43;0;20200305;105451;100.190000000;5
RU000A101H43;0;20200305;105542;100.190000000;5
RU000A101H43;0;20200305;110033;100.190000000;18
RU000A101H43;0;20200305;110135;100.190000000;867
RU000A101H43;0;20200305;110135;100.200000000;933
RU000A101H43;0;20200305;110136;100.200000000;10
RU000A101H43;0;20200305;110525;100.180000000;1
RU000A101H43;0;20200305;110539;100.180000000;100
RU000A101H43;0;20200305;110546;100.180000000;112
RU000A101H43;0;20200305;110647;100.180000000;1
RU000A101H43;0;20200305;110754;100.180000000;132
RU000A101H43;0;20200305;110848;100.180000000;1
RU000A101H43;0;20200305;110854;100.180000000;50
RU000A101H43;0;20200305;110958;100.170000000;20
RU000A101H43;0;20200305;110958;100.170000000;200
RU000A101H43;0;20200305;110958;100.170000000;10
RU000A101H43;0;20200305;110958;100.160000000;10
RU000A101H43;0;20200305;110958;100.160000000;7
RU000A101H43;0;20200305;111010;100.180000000;50
RU000A101H43;0;20200305;111135;100.170000000;2
RU000A101H43;0;20200305;111135;100.180000000;48
RU000A101H43;0;20200305;111256;100.180000000;5
RU000A101H43;0;20200305;111340;100.190000000;45
RU000A101H43;0;20200305;111408;100.190000000;10
RU000A101H43;0;20200305;111416;100.190000000;9
RU000A101H43;0;20200305;111427;100.190000000;50
RU000A101H43;0;20200305;111618;100.190000000;1
RU000A101H43;0;20200305;111635;100.190000000;100
RU000A101H43;0;20200305;111940;100.190000000;15
RU000A101H43;0;20200305;112042;100.190000000;10
RU000A101H43;0;20200305;112159;100.190000000;10
RU000A101H43;0;20200305;112318;100.190000000;6
RU000A101H43;0;20200305;112544;100.190000000;7
RU000A101H43;0;20200305;112604;100.190000000;10
RU000A101H43;0;20200305;112748;100.190000000;10
RU000A101H43;0;20200305;112823;100.190000000;1717
RU000A101H43;0;20200305;112845;100.290000000;74
RU000A101H43;0;20200305;112845;100.290000000;18
RU000A101H43;0;20200305;112845;100.300000000;14
RU000A101H43;0;20200305;112845;100.300000000;37
RU000A101H43;0;20200305;112845;100.300000000;26
RU000A101H43;0;20200305;112845;100.300000000;52
RU000A101H43;0;20200305;112845;100.300000000;96
RU000A101H43;0;20200305;112845;100.300000000;28
RU000A101H43;0;20200305;112845;100.300000000;23
RU000A101H43;0;20200305;112845;100.300000000;44
RU000A101H43;0;20200305;112845;100.300000000;41
RU000A101H43;0;20200305;112845;100.300000000;40
RU000A101H43;0;20200305;112845;100.300000000;44
RU000A101H43;0;20200305;112845;100.300000000;42
RU000A101H43;0;20200305;112845;100.300000000;17
RU000A101H43;0;20200305;112845;100.300000000;22
RU000A101H43;0;20200305;112845;100.300000000;17
RU000A101H43;0;20200305;112845;100.300000000;42
RU000A101H43;0;20200305;112845;100.300000000;28
RU000A101H43;0;20200305;112845;100.300000000;38
RU000A101H43;0;20200305;112845;100.300000000;23
RU000A101H43;0;20200305;112845;100.300000000;46
RU000A101H43;0;20200305;112845;100.300000000;41
RU000A101H43;0;20200305;112845;100.300000000;43
RU000A101H43;0;20200305;112845;100.300000000;44
RU000A101H43;0;20200305;112845;100.300000000;66
RU000A101H43;0;20200305;112845;100.300000000;43
RU000A101H43;0;20200305;112845;100.300000000;44
RU000A101H43;0;20200305;112845;100.300000000;46
RU000A101H43;0;20200305;112845;100.300000000;27
RU000A101H43;0;20200305;112845;100.300000000;29
RU000A101H43;0;20200305;112845;100.300000000;33
RU000A101H43;0;20200305;112845;100.300000000;86
RU000A101H43;0;20200305;112845;100.300000000;59
RU000A101H43;0;20200305;112845;100.300000000;27
RU000A101H43;0;20200305;112845;100.300000000;23
RU000A101H43;0;20200305;112845;100.300000000;174
RU000A101H43;0;20200305;112845;100.300000000;22
RU000A101H43;0;20200305;112845;100.300000000;27
RU000A101H43;0;20200305;112845;100.300000000;28
RU000A101H43;0;20200305;112845;100.300000000;26
RU000A101H43;0;20200305;112845;100.300000000;22
RU000A101H43;0;20200305;112845;100.300000000;50
RU000A101H43;0;20200305;112845;100.300000000;28
RU000A101H43;0;20200305;112845;100.300000000;22
RU000A101H43;0;20200305;112845;100.300000000;46
RU000A101H43;0;20200305;112845;100.300000000;21
RU000A101H43;0;20200305;112845;100.300000000;5
RU000A101H43;0;20200305;112845;100.300000000;24
RU000A101H43;0;20200305;112845;100.300000000;27
RU000A101H43;0;20200305;112845;100.300000000;10
RU000A101H43;0;20200305;112845;100.300000000;21
RU000A101H43;0;20200305;112845;100.300000000;26
RU000A101H43;0;20200305;112845;100.300000000;49
RU000A101H43;0;20200305;112845;100.300000000;136
RU000A101H43;0;20200305;112845;100.300000000;25
RU000A101H43;0;20200305;112845;100.300000000;19
RU000A101H43;0;20200305;112845;100.300000000;23
RU000A101H43;0;20200305;112845;100.300000000;20
RU000A101H43;0;20200305;112845;100.300000000;161
RU000A101H43;0;20200305;112845;100.300000000;189
RU000A101H43;0;20200305;112845;100.300000000;40
RU000A101H43;0;20200305;112845;100.300000000;15
RU000A101H43;0;20200305;112845;100.300000000;31
RU000A101H43;0;20200305;112845;100.300000000;43
RU000A101H43;0;20200305;112845;100.300000000;952
RU000A101H43;0;20200305;112845;100.300000000;48
RU000A101H43;0;20200305;112845;100.300000000;17
RU000A101H43;0;20200305;112845;100.300000000;25
RU000A101H43;0;20200305;112845;100.300000000;40
RU000A101H43;0;20200305;112845;100.300000000;25
RU000A101H43;0;20200305;112845;100.300000000;83
RU000A101H43;0;20200305;112845;100.300000000;19
RU000A101H43;0;20200305;112845;100.300000000;72
RU000A101H43;0;20200305;112845;100.300000000;24
RU000A101H43;0;20200305;112845;100.300000000;24
RU000A101H43;0;20200305;112845;100.300000000;35
RU000A101H43;0;20200305;112845;100.300000000;19
RU000A101H43;0;20200305;112845;100.300000000;24
RU000A101H43;0;20200305;112845;100.300000000;24
RU000A101H43;0;20200305;112845;100.300000000;24
RU000A101H43;0;20200305;112845;100.300000000;78
RU000A101H43;0;20200305;112845;100.300000000;38
RU000A101H43;0;20200305;112845;100.300000000;22
RU000A101H43;0;20200305;112845;100.300000000;30
RU000A101H43;0;20200305;112845;100.300000000;57
RU000A101H43;0;20200305;112845;100.300000000;20
RU000A101H43;0;20200305;112845;100.300000000;46
RU000A101H43;0;20200305;112845;100.300000000;26
RU000A101H43;0;20200305;112845;100.300000000;14
RU000A101H43;0;20200305;112845;100.300000000;666
RU000A101H43;0;20200305;112845;100.300000000;26
RU000A101H43;0;20200305;112845;100.300000000;28
RU000A101H43;0;20200305;112846;100.300000000;35
RU000A101H43;0;20200305;112846;100.300000000;22
RU000A101H43;0;20200305;112846;100.300000000;89
RU000A101H43;0;20200305;112846;100.300000000;46
RU000A101H43;0;20200305;112846;100.300000000;20
RU000A101H43;0;20200305;112846;100.300000000;39
RU000A101H43;0;20200305;112846;100.300000000;13
RU000A101H43;0;20200305;112846;100.300000000;146
RU000A101H43;0;20200305;112846;100.300000000;19
RU000A101H43;0;20200305;112846;100.300000000;20
RU000A101H43;0;20200305;112846;100.300000000;14
RU000A101H43;0;20200305;112846;100.300000000;28
RU000A101H43;0;20200305;112846;100.300000000;8
RU000A101H43;0;20200305;112846;100.300000000;16
RU000A101H43;0;20200305;112846;100.300000000;19
RU000A101H43;0;20200305;112846;100.300000000;393
RU000A101H43;0;20200305;112846;100.300000000;58
RU000A101H43;0;20200305;112846;100.300000000;58
RU000A101H43;0;20200305;112846;100.300000000;12
RU000A101H43;0;20200305;112846;100.300000000;21
RU000A101H43;0;20200305;112846;100.300000000;66
RU000A101H43;0;20200305;112846;100.300000000;29
RU000A101H43;0;20200305;112846;100.300000000;17
RU000A101H43;0;20200305;112846;100.300000000;10
RU000A101H43;0;20200305;112846;100.300000000;26
RU000A101H43;0;20200305;112846;100.300000000;47
RU000A101H43;0;20200305;112846;100.300000000;307
RU000A101H43;0;20200305;112846;100.300000000;48
RU000A101H43;0;20200305;112846;100.300000000;19
RU000A101H43;0;20200305;112846;100.300000000;23
RU000A101H43;0;20200305;112846;100.300000000;14
RU000A101H43;0;20200305;112846;100.300000000;19
RU000A101H43;0;20200305;112846;100.300000000;18
RU000A101H43;0;20200305;112846;100.300000000;18
RU000A101H43;0;20200305;112846;100.300000000;59
RU000A101H43;0;20200305;112846;100.300000000;72
RU000A101H43;0;20200305;112846;100.300000000;48
RU000A101H43;0;20200305;112846;100.300000000;61
RU000A101H43;0;20200305;112846;100.300000000;26
RU000A101H43;0;20200305;112846;100.300000000;49
RU000A101H43;0;20200305;112846;100.300000000;112
RU000A101H43;0;20200305;112846;100.300000000;69
RU000A101H43;0;20200305;112846;100.300000000;55
RU000A101H43;0;20200305;112846;100.300000000;26
RU000A101H43;0;20200305;112846;100.300000000;100
RU000A101H43;0;20200305;112846;100.300000000;50
RU000A101H43;0;20200305;112846;100.300000000;30
RU000A101H43;0;20200305;112846;100.300000000;24
RU000A101H43;0;20200305;112846;100.300000000;65
RU000A101H43;0;20200305;112846;100.300000000;22
RU000A101H43;0;20200305;112846;100.300000000;18
RU000A101H43;0;20200305;112846;100.300000000;30
RU000A101H43;0;20200305;112846;100.300000000;18
RU000A101H43;0;20200305;112846;100.300000000;67
RU000A101H43;0;20200305;112846;100.300000000;57
RU000A101H43;0;20200305;112846;100.300000000;50
RU000A101H43;0;20200305;112846;100.300000000;63
RU000A101H43;0;20200305;112846;100.300000000;343
RU000A101H43;0;20200305;112846;100.300000000;65
RU000A101H43;0;20200305;112846;100.300000000;30
RU000A101H43;0;20200305;112846;100.300000000;25
RU000A101H43;0;20200305;112846;100.300000000;62
RU000A101H43;0;20200305;112846;100.300000000;22
RU000A101H43;0;20200305;112846;100.300000000;24
RU000A101H43;0;20200305;112846;100.300000000;24
RU000A101H43;0;20200305;112846;100.300000000;24
RU000A101H43;0;20200305;112846;100.300000000;77
RU000A101H43;0;20200305;112846;100.300000000;25
RU000A101H43;0;20200305;112846;100.300000000;93
RU000A101H43;0;20200305;112846;100.300000000;16
RU000A101H43;0;20200305;112846;100.300000000;15
RU000A101H43;0;20200305;112846;100.300000000;57
RU000A101H43;0;20200305;112846;100.300000000;48
RU000A101H43;0;20200305;112846;100.300000000;16
RU000A101H43;0;20200305;112846;100.300000000;21
RU000A101H43;0;20200305;112846;100.300000000;27
RU000A101H43;0;20200305;112846;100.300000000;21
RU000A101H43;0;20200305;112846;100.300000000;86
RU000A101H43;0;20200305;112846;100.300000000;129
RU000A101H43;0;20200305;112846;100.300000000;22
RU000A101H43;0;20200305;112846;100.300000000;22
RU000A101H43;0;20200305;112846;100.300000000;536
RU000A101H43;0;20200305;112846;100.300000000;57
RU000A101H43;0;20200305;112846;100.300000000;82
RU000A101H43;0;20200305;112846;100.300000000;57
RU000A101H43;0;20200305;112846;100.300000000;22
RU000A101H43;0;20200305;112846;100.300000000;23
RU000A101H43;0;20200305;112846;100.300000000;33
RU000A101H43;0;20200305;112846;100.300000000;28
RU000A101H43;0;20200305;112846;100.300000000;28
RU000A101H43;0;20200305;112846;100.300000000;435
RU000A101H43;0;20200305;112846;100.300000000;70
RU000A101H43;0;20200305;112846;100.300000000;22
RU000A101H43;0;20200305;112846;100.300000000;48
RU000A101H43;0;20200305;112846;100.300000000;243
RU000A101H43;0;20200305;112846;100.300000000;22
RU000A101H43;0;20200305;112846;100.300000000;137
RU000A101H43;0;20200305;112846;100.300000000;53
RU000A101H43;0;20200305;112846;100.300000000;27
RU000A101H43;0;20200305;112847;100.300000000;55
RU000A101H43;0;20200305;112847;100.300000000;27
RU000A101H43;0;20200305;112847;100.300000000;49
RU000A101H43;0;20200305;112847;100.300000000;40
RU000A101H43;0;20200305;112847;100.300000000;126
RU000A101H43;0;20200305;112847;100.300000000;22
RU000A101H43;0;20200305;112847;100.300000000;83
RU000A101H43;0;20200305;112847;100.300000000;28
RU000A101H43;0;20200305;112847;100.300000000;326
RU000A101H43;0;20200305;112847;100.300000000;44
RU000A101H43;0;20200305;112847;100.300000000;49
RU000A101H43;0;20200305;112847;100.300000000;19
RU000A101H43;0;20200305;112847;100.300000000;22
RU000A101H43;0;20200305;112847;100.300000000;39
RU000A101H43;0;20200305;112847;100.300000000;56
RU000A101H43;0;20200305;112847;100.300000000;28
RU000A101H43;0;20200305;112847;100.300000000;22
RU000A101H43;0;20200305;112847;100.300000000;55
RU000A101H43;0;20200305;112847;100.300000000;23
RU000A101H43;0;20200305;112847;100.300000000;49
RU000A101H43;0;20200305;112847;100.300000000;69
RU000A101H43;0;20200305;112847;100.300000000;28
RU000A101H43;0;20200305;112847;100.300000000;28
RU000A101H43;0;20200305;112847;100.300000000;61
RU000A101H43;0;20200305;112847;100.300000000;140
RU000A101H43;0;20200305;112847;100.300000000;463
RU000A101H43;0;20200305;112847;100.300000000;28
RU000A101H43;0;20200305;112847;100.300000000;28
RU000A101H43;0;20200305;112847;100.300000000;44
RU000A101H43;0;20200305;112847;100.300000000;54
RU000A101H43;0;20200305;112847;100.300000000;30
RU000A101H43;0;20200305;112847;100.300000000;23
RU000A101H43;0;20200305;112847;100.300000000;23
RU000A101H43;0;20200305;112847;100.300000000;28
RU000A101H43;0;20200305;112847;100.300000000;47
RU000A101H43;0;20200305;112847;100.300000000;299
RU000A101H43;0;20200305;112847;100.300000000;33
RU000A101H43;0;20200305;112847;100.300000000;23
RU000A101H43;0;20200305;112847;100.300000000;30
RU000A101H43;0;20200305;112847;100.300000000;17
RU000A101H43;0;20200305;112847;100.300000000;26
RU000A101H43;0;20200305;112847;100.300000000;54
RU000A101H43;0;20200305;112847;100.300000000;39
RU000A101H43;0;20200305;112847;100.300000000;32
RU000A101H43;0;20200305;112847;100.300000000;14
RU000A101H43;0;20200305;112847;100.300000000;38
RU000A101H43;0;20200305;112847;100.300000000;32
RU000A101H43;0;20200305;112847;100.300000000;29
RU000A101H43;0;20200305;112847;100.300000000;59
RU000A101H43;0;20200305;112847;100.300000000;35
RU000A101H43;0;20200305;112847;100.300000000;41
RU000A101H43;0;20200305;112847;100.300000000;48
RU000A101H43;0;20200305;112847;100.300000000;48
RU000A101H43;0;20200305;112847;100.300000000;73
RU000A101H43;0;20200305;112847;100.300000000;30
RU000A101H43;0;20200305;112847;100.300000000;29
RU000A101H43;0;20200305;112847;100.300000000;35
RU000A101H43;0;20200305;112847;100.300000000;35
RU000A101H43;0;20200305;112847;100.300000000;56
RU000A101H43;0;20200305;112847;100.300000000;78
RU000A101H43;0;20200305;112915;100.300000000;40
RU000A101H43;0;20200305;113008;100.300000000;64
RU000A101H43;0;20200305;113008;100.300000000;30
RU000A101H43;0;20200305;113008;100.300000000;35
RU000A101H43;0;20200305;113008;100.300000000;26
RU000A101H43;0;20200305;113008;100.300000000;49
RU000A101H43;0;20200305;113008;100.300000000;90
RU000A101H43;0;20200305;113008;100.300000000;26
RU000A101H43;0;20200305;113008;100.300000000;24
RU000A101H43;0;20200305;113008;100.300000000;42
RU000A101H43;0;20200305;113008;100.300000000;46
RU000A101H43;0;20200305;113008;100.300000000;37
RU000A101H43;0;20200305;113008;100.300000000;41
RU000A101H43;0;20200305;113008;100.300000000;44
RU000A101H43;0;20200305;113008;100.300000000;17
RU000A101H43;0;20200305;113008;100.300000000;20
RU000A101H43;0;20200305;113008;100.300000000;17
RU000A101H43;0;20200305;113008;100.300000000;45
RU000A101H43;0;20200305;113008;100.300000000;26
RU000A101H43;0;20200305;113008;100.300000000;42
RU000A101H43;0;20200305;113008;100.300000000;27
RU000A101H43;0;20200305;113008;100.300000000;40
RU000A101H43;0;20200305;113008;100.300000000;45
RU000A101H43;0;20200305;113008;100.300000000;42
RU000A101H43;0;20200305;113008;100.300000000;42
RU000A101H43;0;20200305;113008;100.300000000;62
RU000A101H43;0;20200305;113008;100.300000000;38
RU000A101H43;0;20200305;113008;100.300000000;38
RU000A101H43;0;20200305;113008;100.300000000;40
RU000A101H43;0;20200305;113008;100.300000000;24
RU000A101H43;0;20200305;113008;100.300000000;28
RU000A101H43;0;20200305;113008;100.300000000;73
RU000A101H43;0;20200305;113008;100.300000000;50
RU000A101H43;0;20200305;113008;100.300000000;22
RU000A101H43;0;20200305;113008;100.300000000;146
RU000A101H43;0;20200305;113008;100.300000000;23
RU000A101H43;0;20200305;113008;100.300000000;25
RU000A101H43;0;20200305;113008;100.300000000;27
RU000A101H43;0;20200305;113008;100.300000000;22
RU000A101H43;0;20200305;113008;100.300000000;27
RU000A101H43;0;20200305;113008;100.300000000;75
RU000A101H43;0;20200305;113008;100.300000000;67
RU000A101H43;0;20200305;113008;100.300000000;41
RU000A101H43;0;20200305;113008;100.300000000;53
RU000A101H43;0;20200305;113008;100.300000000;24
RU000A101H43;0;20200305;113008;100.300000000;43
RU000A101H43;0;20200305;113008;100.300000000;94
RU000A101H43;0;20200305;113008;100.300000000;58
RU000A101H43;0;20200305;113008;100.300000000;62
RU000A101H43;0;20200305;113008;100.300000000;23
RU000A101H43;0;20200305;113008;100.300000000;107
RU000A101H43;0;20200305;113008;100.300000000;43
RU000A101H43;0;20200305;113008;100.300000000;28
RU000A101H43;0;20200305;113008;100.300000000;22
RU000A101H43;0;20200305;113008;100.300000000;56
RU000A101H43;0;20200305;113008;100.300000000;18
RU000A101H43;0;20200305;113008;100.300000000;29
RU000A101H43;0;20200305;113008;100.300000000;17
RU000A101H43;0;20200305;113008;100.300000000;67
RU000A101H43;0;20200305;113008;100.300000000;48
RU000A101H43;0;20200305;113008;100.300000000;43
RU000A101H43;0;20200305;113008;100.300000000;56
RU000A101H43;0;20200305;113008;100.300000000;299
RU000A101H43;0;20200305;113008;100.300000000;64
RU000A101H43;0;20200305;113008;100.300000000;29
RU000A101H43;0;20200305;113008;100.300000000;22
RU000A101H43;0;20200305;113008;100.300000000;55
RU000A101H43;0;20200305;113008;100.300000000;23
RU000A101H43;0;20200305;113008;100.300000000;23
RU000A101H43;0;20200305;113008;100.300000000;23
RU000A101H43;0;20200305;113008;100.300000000;65
RU000A101H43;0;20200305;113008;100.300000000;87
RU000A101H43;0;20200305;113008;100.300000000;18
RU000A101H43;0;20200305;113008;100.300000000;60
RU000A101H43;0;20200305;113008;100.300000000;18
RU000A101H43;0;20200305;113008;100.300000000;23
RU000A101H43;0;20200305;113008;100.300000000;31
RU000A101H43;0;20200305;113008;100.300000000;22
RU000A101H43;0;20200305;113008;100.300000000;89
RU000A101H43;0;20200305;113008;100.300000000;133
RU000A101H43;0;20200305;113008;100.300000000;24
RU000A101H43;0;20200305;113008;100.300000000;24
RU000A101H43;0;20200305;113008;100.300000000;801
RU000A101H43;0;20200305;113008;100.300000000;59
RU000A101H43;0;20200305;113008;100.300000000;84
RU000A101H43;0;20200305;113008;100.300000000;59
RU000A101H43;0;20200305;113008;100.300000000;24
RU000A101H43;0;20200305;113008;100.300000000;23
RU000A101H43;0;20200305;113008;100.300000000;34
RU000A101H43;0;20200305;113008;100.300000000;30
RU000A101H43;0;20200305;113008;100.300000000;30
RU000A101H43;0;20200305;113008;100.300000000;443
RU000A101H43;0;20200305;113008;100.300000000;71
RU000A101H43;0;20200305;113008;100.300000000;23
RU000A101H43;0;20200305;113008;100.300000000;49
RU000A101H43;0;20200305;113008;100.300000000;250
RU000A101H43;0;20200305;113008;100.300000000;23
RU000A101H43;0;20200305;113008;100.300000000;144
RU000A101H43;0;20200305;113008;100.300000000;55
RU000A101H43;0;20200305;113008;100.300000000;29
RU000A101H43;0;20200305;113008;100.300000000;56
RU000A101H43;0;20200305;113008;100.300000000;29
RU000A101H43;0;20200305;113008;100.300000000;46
RU000A101H43;0;20200305;113008;100.300000000;133
RU000A101H43;0;20200305;113008;100.300000000;23
RU000A101H43;0;20200305;113008;100.300000000;84
RU000A101H43;0;20200305;113008;100.300000000;29
RU000A101H43;0;20200305;113008;100.300000000;330
RU000A101H43;0;20200305;113008;100.300000000;46
RU000A101H43;0;20200305;113008;100.300000000;20
RU000A101H43;0;20200305;113008;100.300000000;23
RU000A101H43;0;20200305;113008;100.300000000;42
RU000A101H43;0;20200305;113008;100.300000000;58
RU000A101H43;0;20200305;113009;100.300000000;29
RU000A101H43;0;20200305;113009;100.300000000;23
RU000A101H43;0;20200305;113009;100.300000000;56
RU000A101H43;0;20200305;113009;100.300000000;23
RU000A101H43;0;20200305;113009;100.300000000;50
RU000A101H43;0;20200305;113009;100.300000000;70
RU000A101H43;0;20200305;113009;100.300000000;29
RU000A101H43;0;20200305;113009;100.300000000;30
RU000A101H43;0;20200305;113009;100.300000000;62
RU000A101H43;0;20200305;113009;100.300000000;143
RU000A101H43;0;20200305;113009;100.300000000;487
RU000A101H43;0;20200305;113009;100.300000000;29
RU000A101H43;0;20200305;113009;100.300000000;30
RU000A101H43;0;20200305;113009;100.300000000;55
RU000A101H43;0;20200305;113009;100.300000000;54
RU000A101H43;0;20200305;113009;100.300000000;31
RU000A101H43;0;20200305;113009;100.300000000;24
RU000A101H43;0;20200305;113009;100.300000000;24
RU000A101H43;0;20200305;113009;100.300000000;31
RU000A101H43;0;20200305;113009;100.300000000;50
RU000A101H43;0;20200305;113009;100.300000000;305
RU000A101H43;0;20200305;113009;100.300000000;32
RU000A101H43;0;20200305;113009;100.300000000;23
RU000A101H43;0;20200305;113009;100.300000000;36
RU000A101H43;0;20200305;113009;100.300000000;18
RU000A101H43;0;20200305;113009;100.300000000;28
RU000A101H43;0;20200305;113009;100.300000000;56
RU000A101H43;0;20200305;113009;100.300000000;43
RU000A101H43;0;20200305;113009;100.300000000;34
RU000A101H43;0;20200305;113009;100.300000000;33
RU000A101H43;0;20200305;113009;100.300000000;28
RU000A101H43;0;20200305;113009;100.300000000;22
RU000A101H43;0;20200305;113009;100.300000000;29
RU000A101H43;0;20200305;113009;100.300000000;49
RU000A101H43;0;20200305;113009;100.300000000;53
RU000A101H43;0;20200305;113009;100.300000000;23
RU000A101H43;0;20200305;113009;100.300000000;26
RU000A101H43;0;20200305;113009;100.300000000;54
RU000A101H43;0;20200305;113009;100.300000000;28
RU000A101H43;0;20200305;113009;100.300000000;27
RU000A101H43;0;20200305;113009;100.300000000;16
RU000A101H43;0;20200305;113009;100.300000000;51
RU000A101H43;0;20200305;113009;100.300000000;22
RU000A101H43;0;20200305;113009;100.300000000;41
RU000A101H43;0;20200305;113009;100.300000000;28
RU000A101H43;0;20200305;113009;100.300000000;51
RU000A101H43;0;20200305;113009;100.300000000;22
RU000A101H43;0;20200305;113009;100.300000000;5
RU000A101H43;0;20200305;113009;100.300000000;144
RU000A101H43;0;20200305;113009;100.300000000;28
RU000A101H43;0;20200305;113009;100.300000000;20
RU000A101H43;0;20200305;113009;100.300000000;17
RU000A101H43;0;20200305;113009;100.300000000;40
RU000A101H43;0;20200305;113009;100.300000000;33
RU000A101H43;0;20200305;113009;100.300000000;197
RU000A101H43;0;20200305;113009;100.300000000;53
RU000A101H43;0;20200305;113009;100.300000000;998
RU000A101H43;0;20200305;113009;100.300000000;180
RU000A101H43;0;20200305;113009;100.300000000;28
RU000A101H43;0;20200305;113009;100.300000000;20
RU000A101H43;0;20200305;113009;100.300000000;43
RU000A101H43;0;20200305;113009;100.300000000;28
RU000A101H43;0;20200305;113009;100.300000000;79
RU000A101H43;0;20200305;113009;100.300000000;28
RU000A101H43;0;20200305;113009;100.300000000;28
RU000A101H43;0;20200305;113009;100.300000000;49
RU000A101H43;0;20200305;113009;100.300000000;53
RU000A101H43;0;20200305;113009;100.300000000;22
RU000A101H43;0;20200305;113009;100.300000000;28
RU000A101H43;0;20200305;113009;100.300000000;28
RU000A101H43;0;20200305;113009;100.300000000;25
RU000A101H43;0;20200305;113009;100.300000000;41
RU000A101H43;0;20200305;113009;100.300000000;87
RU000A101H43;0;20200305;113009;100.300000000;85
RU000A101H43;0;20200305;113009;100.300000000;28
RU000A101H43;0;20200305;113009;100.300000000;45
RU000A101H43;0;20200305;113009;100.300000000;44
RU000A101H43;0;20200305;113009;100.300000000;19
RU000A101H43;0;20200305;113009;100.300000000;15
RU000A101H43;0;20200305;113009;100.300000000;26
RU000A101H43;0;20200305;113009;100.300000000;15
RU000A101H43;0;20200305;113009;100.300000000;24
RU000A101H43;0;20200305;113009;100.300000000;27
RU000A101H43;0;20200305;113009;100.300000000;23
RU000A101H43;0;20200305;113009;100.300000000;45
RU000A101H43;0;20200305;113009;100.300000000;40
RU000A101H43;0;20200305;113009;100.300000000;41
RU000A101H43;0;20200305;113009;100.300000000;663
RU000A101H43;0;20200305;113009;100.300000000;20
RU000A101H43;0;20200305;113009;100.300000000;19
RU000A101H43;0;20200305;113009;100.300000000;11
RU000A101H43;0;20200305;113009;100.300000000;136
RU000A101H43;0;20200305;113009;100.300000000;19
RU000A101H43;0;20200305;113009;100.300000000;14
RU000A101H43;0;20200305;113009;100.300000000;27
RU000A101H43;0;20200305;113009;100.300000000;15
RU000A101H43;0;20200305;113009;100.300000000;20
RU000A101H43;0;20200305;113009;100.300000000;20
RU000A101H43;0;20200305;113009;100.300000000;380
RU000A101H43;0;20200305;113009;100.300000000;98
RU000A101H43;0;20200305;113009;100.300000000;98
RU000A101H43;0;20200305;113009;100.300000000;34
RU000A101H43;0;20200305;113009;100.300000000;49
RU000A101H43;0;20200305;113009;100.300000000;14
RU000A101H43;0;20200305;113009;100.300000000;18
RU000A101H43;0;20200305;113009;100.300000000;14
RU000A101H43;0;20200305;113009;100.300000000;14
RU000A101H43;0;20200305;113009;100.300000000;28
RU000A101H43;0;20200305;113009;100.300000000;45
RU000A101H43;0;20200305;113009;100.300000000;34
RU000A101H43;0;20200305;113009;100.300000000;23
RU000A101H43;0;20200305;113009;100.300000000;398
RU000A101H43;0;20200305;113009;100.300000000;52
RU000A101H43;0;20200305;113009;100.300000000;21
RU000A101H43;0;20200305;113009;100.300000000;20
RU000A101H43;0;20200305;113009;100.300000000;43
RU000A101H43;0;20200305;113009;100.300000000;52
RU000A101H43;0;20200305;113009;100.300000000;26
RU000A101H43;0;20200305;113009;100.300000000;15
RU000A101H43;0;20200305;113009;100.300000000;37
RU000A101H43;0;20200305;113009;100.300000000;93
RU000A101H43;0;20200305;113009;100.300000000;30
RU000A101H43;0;20200305;113009;100.300000000;31
RU000A101H43;0;20200305;113009;100.300000000;31
RU000A101H43;0;20200305;113009;100.300000000;20
RU000A101H43;0;20200305;113009;100.300000000;40
RU000A101H43;0;20200305;113009;100.300000000;24
RU000A101H43;0;20200305;113009;100.300000000;40
RU000A101H43;0;20200305;113010;100.300000000;32
RU000A101H43;0;20200305;113010;100.300000000;28
RU000A101H43;0;20200305;113010;100.300000000;20
RU000A101H43;0;20200305;113010;100.300000000;34
RU000A101H43;0;20200305;113010;100.300000000;51
RU000A101H43;0;20200305;113010;100.300000000;19
RU000A101H43;0;20200305;113010;100.300000000;14
RU000A101H43;0;20200305;113010;100.300000000;23
RU000A101H43;0;20200305;113010;100.300000000;14
RU000A101H43;0;20200305;113024;100.300000000;4
RU000A101H43;0;20200305;113203;100.290000000;20
RU000A101H43;0;20200305;113203;100.300000000;18
RU000A101H43;0;20200305;113203;100.300000000;14
RU000A101H43;0;20200305;113203;100.300000000;22
RU000A101H43;0;20200305;113203;100.300000000;13
RU000A101H43;0;20200305;113203;100.300000000;7
RU000A101H43;0;20200305;113203;100.300000000;8
RU000A101H43;0;20200305;113203;100.300000000;7
RU000A101H43;0;20200305;113203;100.300000000;18
RU000A101H43;0;20200305;113203;100.300000000;17
RU000A101H43;0;20200305;113203;100.300000000;17
RU000A101H43;0;20200305;113203;100.300000000;10
RU000A101H43;0;20200305;113203;100.300000000;17
RU000A101H43;0;20200305;113203;100.300000000;20
RU000A101H43;0;20200305;113203;100.300000000;14
RU000A101H43;0;20200305;113203;100.300000000;7
RU000A101H43;0;20200305;113203;100.300000000;16
RU000A101H43;0;20200305;113203;100.300000000;18
RU000A101H43;0;20200305;113203;100.300000000;7
RU000A101H43;0;20200305;113203;100.300000000;7
RU000A101H43;0;20200305;113203;100.300000000;7
RU000A101H43;0;20200305;113203;100.300000000;17
RU000A101H43;0;20200305;113203;100.300000000;16
RU000A101H43;0;20200305;113203;100.300000000;7
RU000A101H43;0;20200305;113203;100.300000000;17
RU000A101H43;0;20200305;113203;100.300000000;7
RU000A101H43;0;20200305;113203;100.300000000;7
RU000A101H43;0;20200305;113203;100.300000000;7
RU000A101H43;0;20200305;113203;100.300000000;7
RU000A101H43;0;20200305;113203;100.300000000;7
RU000A101H43;0;20200305;113203;100.300000000;21
RU000A101H43;0;20200305;113203;100.300000000;17
RU000A101H43;0;20200305;113203;100.300000000;14
RU000A101H43;0;20200305;113203;100.300000000;17
RU000A101H43;0;20200305;113203;100.300000000;7
RU000A101H43;0;20200305;113203;100.300000000;7
RU000A101H43;0;20200305;113203;100.300000000;13
RU000A101H43;0;20200305;113203;100.300000000;14
RU000A101H43;0;20200305;113203;100.300000000;24
RU000A101H43;0;20200305;113203;100.300000000;13
RU000A101H43;0;20200305;113203;100.300000000;23
RU000A101H43;0;20200305;113204;100.300000000;17
RU000A101H43;0;20200305;113204;100.300000000;8
RU000A101H43;0;20200305;113204;100.300000000;23
RU000A101H43;0;20200305;113204;100.300000000;7
RU000A101H43;0;20200305;113204;100.300000000;16
RU000A101H43;0;20200305;113204;100.300000000;9
RU000A101H43;0;20200305;113204;100.300000000;16
RU000A101H43;0;20200305;113204;100.300000000;18
RU000A101H43;0;20200305;113204;100.300000000;9
RU000A101H43;0;20200305;113204;100.300000000;7
RU000A101H43;0;20200305;113204;100.300000000;7
RU000A101H43;0;20200305;113204;100.300000000;7
RU000A101H43;0;20200305;113204;100.300000000;18
RU000A101H43;0;20200305;113204;100.300000000;7
RU000A101H43;0;20200305;113204;100.300000000;4
RU000A101H43;0;20200305;113204;100.300000000;4
RU000A101H43;0;20200305;113204;100.300000000;18
RU000A101H43;0;20200305;113204;100.300000000;7
RU000A101H43;0;20200305;113204;100.300000000;10
RU000A101H43;0;20200305;113204;100.300000000;29
RU000A101H43;0;20200305;113204;100.300000000;23
RU000A101H43;0;20200305;113204;100.300000000;8
RU000A101H43;0;20200305;113204;100.300000000;7
RU000A101H43;0;20200305;113204;100.300000000;43
RU000A101H43;0;20200305;113204;100.300000000;36
RU000A101H43;0;20200305;113204;100.300000000;17
RU000A101H43;0;20200305;113204;100.300000000;7
RU000A101H43;0;20200305;113204;100.300000000;4
RU000A101H43;0;20200305;113204;100.300000000;42
RU000A101H43;0;20200305;113204;100.300000000;8
RU000A101H43;0;20200305;113204;100.300000000;25
RU000A101H43;0;20200305;113204;100.300000000;14
RU000A101H43;0;20200305;113204;100.300000000;17
RU000A101H43;0;20200305;113204;100.300000000;17
RU000A101H43;0;20200305;113204;100.300000000;22
RU000A101H43;0;20200305;113204;100.300000000;41
RU000A101H43;0;20200305;113204;100.300000000;42
RU000A101H43;0;20200305;113204;100.300000000;42
RU000A101H43;0;20200305;113204;100.300000000;11
RU000A101H43;0;20200305;113204;100.300000000;15
RU000A101H43;0;20200305;113204;100.300000000;14
RU000A101H43;0;20200305;113204;100.300000000;4
RU000A101H43;0;20200305;113204;100.300000000;8
RU000A101H43;0;20200305;113204;100.300000000;8
RU000A101H43;0;20200305;113204;100.300000000;18
RU000A101H43;0;20200305;113204;100.300000000;22
RU000A101H43;0;20200305;113204;100.300000000;42
RU000A101H43;0;20200305;113204;100.300000000;14
RU000A101H43;0;20200305;113204;100.300000000;41
RU000A101H43;0;20200305;113204;100.300000000;21
RU000A101H43;0;20200305;113204;100.300000000;8
RU000A101H43;0;20200305;113204;100.300000000;34
RU000A101H43;0;20200305;113204;100.300000000;8
RU000A101H43;0;20200305;113204;100.300000000;26
RU000A101H43;0;20200305;113204;100.300000000;8
RU000A101H43;0;20200305;113204;100.300000000;16
RU000A101H43;0;20200305;113204;100.300000000;8
RU000A101H43;0;20200305;113204;100.300000000;15
RU000A101H43;0;20200305;113204;100.300000000;14
RU000A101H43;0;20200305;113204;100.300000000;4
RU000A101H43;0;20200305;113204;100.300000000;28
RU000A101H43;0;20200305;113204;100.300000000;4
RU000A101H43;0;20200305;113204;100.300000000;28
RU000A101H43;0;20200305;113204;100.300000000;33
RU000A101H43;0;20200305;113204;100.300000000;14
RU000A101H43;0;20200305;113204;100.300000000;23
RU000A101H43;0;20200305;113204;100.300000000;14
RU000A101H43;0;20200305;113204;100.300000000;7
RU000A101H43;0;20200305;113204;100.300000000;15
RU000A101H43;0;20200305;113204;100.300000000;16
RU000A101H43;0;20200305;113204;100.300000000;16
RU000A101H43;0;20200305;113204;100.300000000;16
RU000A101H43;0;20200305;113204;100.300000000;8
RU000A101H43;0;20200305;113204;100.300000000;16
RU000A101H43;0;20200305;113204;100.300000000;7
RU000A101H43;0;20200305;113204;100.300000000;4
RU000A101H43;0;20200305;113204;100.300000000;18
RU000A101H43;0;20200305;113204;100.300000000;41
RU000A101H43;0;20200305;113204;100.300000000;7
RU000A101H43;0;20200305;113204;100.300000000;22
RU000A101H43;0;20200305;113204;100.300000000;4
RU000A101H43;0;20200305;113204;100.300000000;41
RU000A101H43;0;20200305;113204;100.300000000;41
RU000A101H43;0;20200305;113204;100.300000000;4
RU000A101H43;0;20200305;113204;100.300000000;15
RU000A101H43;0;20200305;113204;100.300000000;10
RU000A101H43;0;20200305;113205;100.300000000;4
RU000A101H43;0;20200305;113205;100.300000000;33
RU000A101H43;0;20200305;113205;100.300000000;21
RU000A101H43;0;20200305;113205;100.300000000;15
RU000A101H43;0;20200305;113205;100.300000000;9
RU000A101H43;0;20200305;113205;100.300000000;28
RU000A101H43;0;20200305;113205;100.300000000;15
RU000A101H43;0;20200305;113205;100.300000000;81
RU000A101H43;0;20200305;113205;100.300000000;10
RU000A101H43;0;20200305;113205;100.300000000;21
RU000A101H43;0;20200305;113205;100.300000000;42
RU000A101H43;0;20200305;113205;100.300000000;17
RU000A101H43;0;20200305;113205;100.300000000;21
RU000A101H43;0;20200305;113205;100.300000000;8
RU000A101H43;0;20200305;113205;100.300000000;8
RU000A101H43;0;20200305;113205;100.300000000;41
RU000A101H43;0;20200305;113205;100.300000000;8
RU000A101H43;0;20200305;113205;100.300000000;6
RU000A101H43;0;20200305;113205;100.300000000;21
RU000A101H43;0;20200305;113205;100.300000000;14
RU000A101H43;0;20200305;113205;100.300000000;15
RU000A101H43;0;20200305;113205;100.300000000;24
RU000A101H43;0;20200305;113205;100.300000000;15
RU000A101H43;0;20200305;113205;100.300000000;21
RU000A101H43;0;20200305;113205;100.300000000;41
RU000A101H43;0;20200305;113205;100.300000000;8
RU000A101H43;0;20200305;113205;100.300000000;4
RU000A101H43;0;20200305;113205;100.300000000;4
RU000A101H43;0;20200305;113205;100.300000000;41
RU000A101H43;0;20200305;113205;100.300000000;41
RU000A101H43;0;20200305;113205;100.300000000;29
RU000A101H43;0;20200305;113205;100.300000000;41
RU000A101H43;0;20200305;113205;100.300000000;4
RU000A101H43;0;20200305;113205;100.300000000;4
RU000A101H43;0;20200305;113205;100.300000000;8
RU000A101H43;0;20200305;113205;100.300000000;14
RU000A101H43;0;20200305;113205;100.300000000;21
RU000A101H43;0;20200305;113205;100.300000000;4
RU000A101H43;0;20200305;113205;100.300000000;8
RU000A101H43;0;20200305;113205;100.300000000;15
RU000A101H43;0;20200305;113205;100.300000000;7
RU000A101H43;0;20200305;113205;100.300000000;20
RU000A101H43;0;20200305;113205;100.300000000;8
RU000A101H43;0;20200305;113205;100.300000000;4
RU000A101H43;0;20200305;113205;100.300000000;7
RU000A101H43;0;20200305;113205;100.300000000;16
RU000A101H43;0;20200305;113205;100.300000000;14
RU000A101H43;0;20200305;113205;100.300000000;41
RU000A101H43;0;20200305;113205;100.300000000;4
RU000A101H43;0;20200305;113205;100.300000000;4
RU000A101H43;0;20200305;113205;100.300000000;42
RU000A101H43;0;20200305;113205;100.300000000;16
RU000A101H43;0;20200305;113205;100.300000000;8
RU000A101H43;0;20200305;113205;100.300000000;16
RU000A101H43;0;20200305;113205;100.300000000;5
RU000A101H43;0;20200305;113205;100.300000000;14
RU000A101H43;0;20200305;113205;100.300000000;4
RU000A101H43;0;20200305;113205;100.300000000;8
RU000A101H43;0;20200305;113205;100.300000000;8
RU000A101H43;0;20200305;113205;100.300000000;4
RU000A101H43;0;20200305;113205;100.300000000;21
RU000A101H43;0;20200305;113205;100.300000000;22
RU000A101H43;0;20200305;113205;100.300000000;22
RU000A101H43;0;20200305;113205;100.300000000;20
RU000A101H43;0;20200305;113205;100.300000000;42
RU000A101H43;0;20200305;113205;100.300000000;4
RU000A101H43;0;20200305;113205;100.300000000;16
RU000A101H43;0;20200305;113205;100.300000000;16
RU000A101H43;0;20200305;113205;100.300000000;27
RU000A101H43;0;20200305;113205;100.300000000;10
RU000A101H43;0;20200305;113205;100.300000000;27
RU000A101H43;0;20200305;113205;100.300000000;13
RU000A101H43;0;20200305;113205;100.300000000;22
RU000A101H43;0;20200305;113205;100.300000000;5
RU000A101H43;0;20200305;113205;100.300000000;42
RU000A101H43;0;20200305;113205;100.300000000;42
RU000A101H43;0;20200305;113205;100.300000000;7
RU000A101H43;0;20200305;113205;100.300000000;14
RU000A101H43;0;20200305;113205;100.300000000;7
RU000A101H43;0;20200305;113205;100.300000000;36
RU000A101H43;0;20200305;113205;100.300000000;17
RU000A101H43;0;20200305;113205;100.300000000;28
RU000A101H43;0;20200305;113205;100.300000000;41
RU000A101H43;0;20200305;113205;100.300000000;14
RU000A101H43;0;20200305;113205;100.300000000;41
RU000A101H43;0;20200305;113205;100.300000000;49
RU000A101H43;0;20200305;113205;100.300000000;7
RU000A101H43;0;20200305;113205;100.300000000;28
RU000A101H43;0;20200305;113205;100.300000000;28
RU000A101H43;0;20200305;113205;100.300000000;17
RU000A101H43;0;20200305;113205;100.300000000;15
RU000A101H43;0;20200305;113205;100.300000000;8
RU000A101H43;0;20200305;113205;100.300000000;9
RU000A101H43;0;20200305;113205;100.300000000;20
RU000A101H43;0;20200305;113205;100.300000000;15
RU000A101H43;0;20200305;113206;100.300000000;23
RU000A101H43;0;20200305;113206;100.300000000;15
RU000A101H43;0;20200305;113206;100.300000000;11
RU000A101H43;0;20200305;113206;100.300000000;7
RU000A101H43;0;20200305;113206;100.300000000;4
RU000A101H43;0;20200305;113206;100.300000000;21
RU000A101H43;0;20200305;113206;100.300000000;16
RU000A101H43;0;20200305;113206;100.300000000;41
RU000A101H43;0;20200305;113206;100.300000000;4
RU000A101H43;0;20200305;113206;100.300000000;41
RU000A101H43;0;20200305;113206;100.300000000;5
RU000A101H43;0;20200305;113206;100.300000000;4
RU000A101H43;0;20200305;113206;100.300000000;41
RU000A101H43;0;20200305;113206;100.300000000;4
RU000A101H43;0;20200305;113206;100.300000000;6
RU000A101H43;0;20200305;113206;100.300000000;41
RU000A101H43;0;20200305;113206;100.300000000;10
RU000A101H43;0;20200305;113206;100.300000000;14
RU000A101H43;0;20200305;113206;100.300000000;41
RU000A101H43;0;20200305;113206;100.300000000;21
RU000A101H43;0;20200305;113206;100.300000000;14
RU000A101H43;0;20200305;113206;100.300000000;4
RU000A101H43;0;20200305;113206;100.300000000;16
RU000A101H43;0;20200305;113206;100.300000000;7
RU000A101H43;0;20200305;113206;100.300000000;7
RU000A101H43;0;20200305;113206;100.300000000;8
RU000A101H43;0;20200305;113206;100.300000000;40
RU000A101H43;0;20200305;113206;100.300000000;41
RU000A101H43;0;20200305;113206;100.300000000;10
RU000A101H43;0;20200305;113206;100.300000000;16
RU000A101H43;0;20200305;113206;100.300000000;41
RU000A101H43;0;20200305;113206;100.300000000;16
RU000A101H43;0;20200305;113206;100.300000000;5
RU000A101H43;0;20200305;113206;100.300000000;14
RU000A101H43;0;20200305;113206;100.300000000;23
RU000A101H43;0;20200305;113206;100.300000000;9
RU000A101H43;0;20200305;113206;100.300000000;42
RU000A101H43;0;20200305;113206;100.300000000;5
RU000A101H43;0;20200305;113206;100.300000000;17
RU000A101H43;0;20200305;113206;100.300000000;8
RU000A101H43;0;20200305;113206;100.300000000;8
RU000A101H43;0;20200305;113206;100.300000000;15
RU000A101H43;0;20200305;113206;100.300000000;16
RU000A101H43;0;20200305;113206;100.300000000;5
RU000A101H43;0;20200305;113206;100.300000000;28
RU000A101H43;0;20200305;113206;100.300000000;66
RU000A101H43;0;20200305;113206;100.300000000;15
RU000A101H43;0;20200305;113206;100.300000000;34
RU000A101H43;0;20200305;113206;100.300000000;8
RU000A101H43;0;20200305;113206;100.300000000;35
RU000A101H43;0;20200305;113206;100.300000000;22
RU000A101H43;0;20200305;113206;100.300000000;20
RU000A101H43;0;20200305;113206;100.300000000;5
RU000A101H43;0;20200305;113206;100.300000000;14
RU000A101H43;0;20200305;113206;100.300000000;41
RU000A101H43;0;20200305;113206;100.300000000;7
RU000A101H43;0;20200305;113206;100.300000000;5
RU000A101H43;0;20200305;113206;100.300000000;16
RU000A101H43;0;20200305;113206;100.300000000;36
RU000A101H43;0;20200305;113206;100.300000000;41
RU000A101H43;0;20200305;113206;100.300000000;5
RU000A101H43;0;20200305;113206;100.300000000;7
RU000A101H43;0;20200305;113206;100.300000000;5
RU000A101H43;0;20200305;113206;100.300000000;10
RU000A101H43;0;20200305;113206;100.300000000;7
RU000A101H43;0;20200305;113206;100.300000000;10
RU000A101H43;0;20200305;113206;100.300000000;13
RU000A101H43;0;20200305;113206;100.300000000;13
RU000A101H43;0;20200305;113206;100.300000000;41
RU000A101H43;0;20200305;113206;100.300000000;41
RU000A101H43;0;20200305;113206;100.300000000;5
RU000A101H43;0;20200305;113206;100.300000000;21
RU000A101H43;0;20200305;113206;100.300000000;16
RU000A101H43;0;20200305;113206;100.300000000;16
RU000A101H43;0;20200305;113206;100.300000000;30
RU000A101H43;0;20200305;113206;100.300000000;15
RU000A101H43;0;20200305;113206;100.300000000;16
RU000A101H43;0;20200305;113206;100.300000000;8
RU000A101H43;0;20200305;113206;100.300000000;26
RU000A101H43;0;20200305;113206;100.300000000;26
RU000A101H43;0;20200305;113206;100.300000000;5
RU000A101H43;0;20200305;113206;100.300000000;7
RU000A101H43;0;20200305;113206;100.300000000;18
RU000A101H43;0;20200305;113206;100.300000000;39
RU000A101H43;0;20200305;113206;100.300000000;9
RU000A101H43;0;20200305;113206;100.300000000;16
RU000A101H43;0;20200305;113206;100.300000000;7
RU000A101H43;0;20200305;113207;100.300000000;34
RU000A101H43;0;20200305;113207;100.300000000;16
RU000A101H43;0;20200305;113207;100.300000000;8
RU000A101H43;0;20200305;113207;100.300000000;8
RU000A101H43;0;20200305;113207;100.300000000;13
RU000A101H43;0;20200305;113207;100.300000000;39
RU000A101H43;0;20200305;113207;100.300000000;8
RU000A101H43;0;20200305;113207;100.300000000;28
RU000A101H43;0;20200305;113207;100.300000000;14
RU000A101H43;0;20200305;113207;100.300000000;5
RU000A101H43;0;20200305;113207;100.300000000;42
RU000A101H43;0;20200305;113207;100.300000000;20
RU000A101H43;0;20200305;113207;100.300000000;8
RU000A101H43;0;20200305;113207;100.300000000;14
RU000A101H43;0;20200305;113207;100.300000000;18
RU000A101H43;0;20200305;113207;100.300000000;20
RU000A101H43;0;20200305;113207;100.300000000;7
RU000A101H43;0;20200305;113207;100.300000000;5
RU000A101H43;0;20200305;113207;100.300000000;13
RU000A101H43;0;20200305;113207;100.300000000;28
RU000A101H43;0;20200305;113207;100.300000000;5
RU000A101H43;0;20200305;113207;100.300000000;13
RU000A101H43;0;20200305;113207;100.300000000;8
RU000A101H43;0;20200305;113207;100.300000000;14
RU000A101H43;0;20200305;113207;100.300000000;39
RU000A101H43;0;20200305;113207;100.300000000;39
RU000A101H43;0;20200305;113207;100.300000000;14
RU000A101H43;0;20200305;113207;100.300000000;9
RU000A101H43;0;20200305;113207;100.300000000;8
RU000A101H43;0;20200305;113207;100.300000000;5
RU000A101H43;0;20200305;113207;100.300000000;8
RU000A101H43;0;20200305;113207;100.300000000;5
RU000A101H43;0;20200305;113207;100.300000000;8
RU000A101H43;0;20200305;113207;100.300000000;5
RU000A101H43;0;20200305;113207;100.300000000;39
RU000A101H43;0;20200305;113207;100.300000000;8
RU000A101H43;0;20200305;113207;100.300000000;39
RU000A101H43;0;20200305;113207;100.300000000;8
RU000A101H43;0;20200305;113207;100.300000000;8
RU000A101H43;0;20200305;113207;100.300000000;23
RU000A101H43;0;20200305;113207;100.300000000;13
RU000A101H43;0;20200305;113207;100.300000000;5
RU000A101H43;0;20200305;113207;100.300000000;21
RU000A101H43;0;20200305;113207;100.300000000;5
RU000A101H43;0;20200305;113207;100.300000000;21
RU000A101H43;0;20200305;113207;100.300000000;13
RU000A101H43;0;20200305;113207;100.300000000;13
RU000A101H43;0;20200305;113207;100.300000000;27
RU000A101H43;0;20200305;113207;100.300000000;39
RU000A101H43;0;20200305;113207;100.300000000;5
RU000A101H43;0;20200305;113207;100.300000000;39
RU000A101H43;0;20200305;113207;100.300000000;13
RU000A101H43;0;20200305;113207;100.300000000;39
RU000A101H43;0;20200305;113207;100.300000000;14
RU000A101H43;0;20200305;113207;100.300000000;21
RU000A101H43;0;20200305;113207;100.300000000;39
RU000A101H43;0;20200305;113207;100.300000000;15
RU000A101H43;0;20200305;113207;100.300000000;5
RU000A101H43;0;20200305;113207;100.300000000;39
RU000A101H43;0;20200305;113207;100.300000000;8
RU000A101H43;0;20200305;113207;100.300000000;14
RU000A101H43;0;20200305;113207;100.300000000;39
RU000A101H43;0;20200305;113207;100.300000000;39
RU000A101H43;0;20200305;113207;100.300000000;34
RU000A101H43;0;20200305;113207;100.300000000;39
RU000A101H43;0;20200305;113207;100.300000000;25
RU000A101H43;0;20200305;113207;100.300000000;39
RU000A101H43;0;20200305;113207;100.300000000;8
RU000A101H43;0;20200305;113207;100.300000000;39
RU000A101H43;0;20200305;113207;100.300000000;21
RU000A101H43;0;20200305;113207;100.300000000;18
RU000A101H43;0;20200305;113207;100.300000000;21
RU000A101H43;0;20200305;113207;100.300000000;7
RU000A101H43;0;20200305;113207;100.300000000;39
RU000A101H43;0;20200305;113207;100.300000000;38
RU000A101H43;0;20200305;113207;100.300000000;9
RU000A101H43;0;20200305;113207;100.300000000;20
RU000A101H43;0;20200305;113207;100.300000000;38
RU000A101H43;0;20200305;113207;100.300000000;21
RU000A101H43;0;20200305;113207;100.300000000;14
RU000A101H43;0;20200305;113207;100.300000000;38
RU000A101H43;0;20200305;113207;100.300000000;16
RU000A101H43;0;20200305;113207;100.300000000;7
RU000A101H43;0;20200305;113207;100.300000000;21
RU000A101H43;0;20200305;113207;100.300000000;25
RU000A101H43;0;20200305;113207;100.300000000;16
RU000A101H43;0;20200305;113207;100.300000000;8
RU000A101H43;0;20200305;113207;100.300000000;18
RU000A101H43;0;20200305;113207;100.300000000;38
RU000A101H43;0;20200305;113207;100.300000000;37
RU000A101H43;0;20200305;113207;100.300000000;8
RU000A101H43;0;20200305;113207;100.300000000;17
RU000A101H43;0;20200305;113207;100.300000000;6
RU000A101H43;0;20200305;113207;100.300000000;6
RU000A101H43;0;20200305;113207;100.300000000;30
RU000A101H43;0;20200305;113208;100.300000000;34
RU000A101H43;0;20200305;113208;100.300000000;10
RU000A101H43;0;20200305;113208;100.300000000;8
RU000A101H43;0;20200305;113208;100.300000000;6
RU000A101H43;0;20200305;113208;100.300000000;10
RU000A101H43;0;20200305;113208;100.300000000;8
RU000A101H43;0;20200305;113208;100.300000000;16
RU000A101H43;0;20200305;113208;100.300000000;15
RU000A101H43;0;20200305;113208;100.300000000;8
RU000A101H43;0;20200305;113208;100.300000000;37
RU000A101H43;0;20200305;113208;100.300000000;6
RU000A101H43;0;20200305;113208;100.300000000;9
RU000A101H43;0;20200305;113208;100.300000000;6
RU000A101H43;0;20200305;113208;100.300000000;6
RU000A101H43;0;20200305;113208;100.300000000;30
RU000A101H43;0;20200305;113208;100.300000000;28
RU000A101H43;0;20200305;113208;100.300000000;8
RU000A101H43;0;20200305;113208;100.300000000;36
RU000A101H43;0;20200305;113208;100.300000000;8
RU000A101H43;0;20200305;113208;100.300000000;36
RU000A101H43;0;20200305;113208;100.300000000;6
RU000A101H43;0;20200305;113208;100.300000000;11
RU000A101H43;0;20200305;113208;100.300000000;7
RU000A101H43;0;20200305;113208;100.300000000;21
RU000A101H43;0;20200305;113208;100.300000000;23
RU000A101H43;0;20200305;113208;100.300000000;13
RU000A101H43;0;20200305;113208;100.300000000;38
RU000A101H43;0;20200305;113208;100.300000000;38
RU000A101H43;0;20200305;113208;100.300000000;17
RU000A101H43;0;20200305;113208;100.300000000;5
RU000A101H43;0;20200305;113208;100.300000000;38
RU000A101H43;0;20200305;113208;100.300000000;21
RU000A101H43;0;20200305;113208;100.300000000;26
RU000A101H43;0;20200305;113208;100.300000000;15
RU000A101H43;0;20200305;113208;100.300000000;21
RU000A101H43;0;20200305;113208;100.300000000;6
RU000A101H43;0;20200305;113208;100.300000000;31
RU000A101H43;0;20200305;113208;100.300000000;11
RU000A101H43;0;20200305;113208;100.300000000;37
RU000A101H43;0;20200305;113208;100.300000000;21
RU000A101H43;0;20200305;113208;100.300000000;17
RU000A101H43;0;20200305;113208;100.300000000;37
RU000A101H43;0;20200305;113208;100.300000000;13
RU000A101H43;0;20200305;113208;100.300000000;8
RU000A101H43;0;20200305;113208;100.300000000;21
RU000A101H43;0;20200305;113208;100.300000000;17
RU000A101H43;0;20200305;113208;100.300000000;8
RU000A101H43;0;20200305;113208;100.300000000;6
RU000A101H43;0;20200305;113208;100.300000000;21
RU000A101H43;0;20200305;113208;100.300000000;37
RU000A101H43;0;20200305;113208;100.300000000;21
RU000A101H43;0;20200305;113208;100.300000000;37
RU000A101H43;0;20200305;113208;100.300000000;26
RU000A101H43;0;20200305;113208;100.300000000;17
RU000A101H43;0;20200305;113208;100.300000000;15
RU000A101H43;0;20200305;113208;100.300000000;45
RU000A101H43;0;20200305;113208;100.300000000;9
RU000A101H43;0;20200305;113208;100.300000000;21
