<TICKER>;<PER>;<DATE>;<TIME>;<LAST>;<VOL>
RU000A0ZZFH2;0;20190103;105652;101.570000000;1
RU000A0ZZFH2;0;20190103;105652;101.580000000;10
RU000A0ZZFH2;0;20190103;105652;101.590000000;19
RU000A0ZZFH2;0;20190103;131233;101.550000000;95
RU000A0ZZFH2;0;20190103;132156;101.550000000;3
RU000A0ZZFH2;0;20190103;172742;101.550000000;30
RU000A0ZZFH2;0;20190103;172742;101.550000000;45
RU000A0ZZFH2;0;20190103;172742;101.570000000;275
RU000A0ZZFH2;0;20190104;102455;101.000000000;7
RU000A0ZZFH2;0;20190104;102455;101.600000000;30
RU000A0ZZFH2;0;20190104;102455;101.600000000;113
RU000A0ZZFH2;0;20190104;112842;101.600000000;10
RU000A0ZZFH2;0;20190104;112946;101.600000000;2
RU000A0ZZFH2;0;20190104;115231;101.030000000;6
RU000A0ZZFH2;0;20190104;122407;101.020000000;1
RU000A0ZZFH2;0;20190104;122407;101.020000000;4
RU000A0ZZFH2;0;20190104;122407;101.000000000;1
RU000A0ZZFH2;0;20190104;122407;100.710000000;1
RU000A0ZZFH2;0;20190104;122407;100.700000000;5
RU000A0ZZFH2;0;20190104;122407;100.700000000;50
RU000A0ZZFH2;0;20190104;122407;100.600000000;1
RU000A0ZZFH2;0;20190104;122504;101.590000000;6
RU000A0ZZFH2;0;20190104;122504;101.600000000;4
RU000A0ZZFH2;0;20190104;134503;101.500000000;1
RU000A0ZZFH2;0;20190108;103743;101.390000000;1
RU000A0ZZFH2;0;20190108;103743;101.650000000;92
RU000A0ZZFH2;0;20190108;104159;101.350000000;22
RU000A0ZZFH2;0;20190108;105130;100.870000000;6
RU000A0ZZFH2;0;20190108;110547;101.340000000;6
RU000A0ZZFH2;0;20190108;110547;101.350000000;104
RU000A0ZZFH2;0;20190108;122657;101.350000000;1
RU000A0ZZFH2;0;20190108;123131;101.350000000;20
RU000A0ZZFH2;0;20190108;125000;101.200000000;20
RU000A0ZZFH2;0;20190108;130538;101.350000000;50
RU000A0ZZFH2;0;20190108;130614;101.350000000;1
RU000A0ZZFH2;0;20190108;130622;101.010000000;1
RU000A0ZZFH2;0;20190108;133608;101.340000000;1
RU000A0ZZFH2;0;20190108;133608;101.350000000;4
RU000A0ZZFH2;0;20190108;135019;101.350000000;100
RU000A0ZZFH2;0;20190108;143147;101.350000000;10
RU000A0ZZFH2;0;20190108;151213;101.350000000;10
RU000A0ZZFH2;0;20190108;152135;101.350000000;23
RU000A0ZZFH2;0;20190108;161632;101.110000000;1
RU000A0ZZFH2;0;20190108;161632;101.100000000;10
RU000A0ZZFH2;0;20190108;161632;101.010000000;1
RU000A0ZZFH2;0;20190108;161632;101.000000000;9
RU000A0ZZFH2;0;20190108;182614;101.250000000;1
RU000A0ZZFH2;0;20190108;183635;101.250000000;49
RU000A0ZZFH2;0;20190108;183635;101.340000000;1
RU000A0ZZFH2;0;20190108;183635;101.350000000;50
RU000A0ZZFH2;0;20190109;100220;100.920000000;1
RU000A0ZZFH2;0;20190109;100220;100.910000000;1
RU000A0ZZFH2;0;20190109;101335;101.240000000;1
RU000A0ZZFH2;0;20190109;101335;101.250000000;94
RU000A0ZZFH2;0;20190109;104723;101.250000000;186
RU000A0ZZFH2;0;20190109;112937;101.240000000;1
RU000A0ZZFH2;0;20190109;112937;101.250000000;59
RU000A0ZZFH2;0;20190109;123031;101.050000000;3
RU000A0ZZFH2;0;20190109;123031;101.050000000;35
RU000A0ZZFH2;0;20190109;124953;101.050000000;5
RU000A0ZZFH2;0;20190109;125013;101.050000000;5
RU000A0ZZFH2;0;20190109;125705;101.050000000;1
RU000A0ZZFH2;0;20190109;131423;101.050000000;251
RU000A0ZZFH2;0;20190109;141819;101.480000000;3
RU000A0ZZFH2;0;20190109;141819;101.480000000;4
RU000A0ZZFH2;0;20190109;141819;101.490000000;13
RU000A0ZZFH2;0;20190109;144233;101.490000000;5
RU000A0ZZFH2;0;20190109;145719;101.490000000;9
RU000A0ZZFH2;0;20190109;155650;101.490000000;80
RU000A0ZZFH2;0;20190109;171343;101.120000000;3
RU000A0ZZFH2;0;20190109;171401;101.110000000;112
RU000A0ZZFH2;0;20190109;175534;101.480000000;3
RU000A0ZZFH2;0;20190109;175534;101.490000000;97
RU000A0ZZFH2;0;20190109;180501;101.490000000;10
RU000A0ZZFH2;0;20190110;101558;101.600000000;67
RU000A0ZZFH2;0;20190110;102921;101.600000000;80
RU000A0ZZFH2;0;20190110;110007;101.600000000;50
RU000A0ZZFH2;0;20190110;120158;101.590000000;28
RU000A0ZZFH2;0;20190110;120158;101.590000000;50
RU000A0ZZFH2;0;20190110;120158;101.600000000;22
RU000A0ZZFH2;0;20190110;123110;101.600000000;22
RU000A0ZZFH2;0;20190110;131038;101.600000000;4
RU000A0ZZFH2;0;20190110;131931;101.110000000;3
RU000A0ZZFH2;0;20190110;131931;101.110000000;1
RU000A0ZZFH2;0;20190110;133009;101.590000000;3
RU000A0ZZFH2;0;20190110;133009;101.600000000;18
RU000A0ZZFH2;0;20190110;141024;101.600000000;5
RU000A0ZZFH2;0;20190110;160705;101.600000000;141
RU000A0ZZFH2;0;20190110;161907;101.590000000;1
RU000A0ZZFH2;0;20190110;161907;101.600000000;85
RU000A0ZZFH2;0;20190110;170559;101.600000000;20
RU000A0ZZFH2;0;20190110;172859;101.550000000;70
RU000A0ZZFH2;0;20190110;172900;101.550000000;70
RU000A0ZZFH2;0;20190111;100640;101.650000000;5
RU000A0ZZFH2;0;20190111;111127;101.540000000;1
RU000A0ZZFH2;0;20190111;111127;101.550000000;149
RU000A0ZZFH2;0;20190111;113530;101.550000000;10
RU000A0ZZFH2;0;20190111;122322;101.500000000;4
RU000A0ZZFH2;0;20190111;130208;101.360000000;3
RU000A0ZZFH2;0;20190111;130548;101.350000000;50
RU000A0ZZFH2;0;20190111;130548;101.330000000;18
RU000A0ZZFH2;0;20190111;130548;101.330000000;122
RU000A0ZZFH2;0;20190111;130548;101.330000000;1
RU000A0ZZFH2;0;20190111;130548;101.330000000;1
RU000A0ZZFH2;0;20190111;130548;101.330000000;1
RU000A0ZZFH2;0;20190111;130548;101.330000000;37
RU000A0ZZFH2;0;20190111;130548;101.330000000;37
RU000A0ZZFH2;0;20190111;130548;101.330000000;28
RU000A0ZZFH2;0;20190111;130548;101.330000000;37
RU000A0ZZFH2;0;20190111;130548;101.330000000;37
RU000A0ZZFH2;0;20190111;130548;101.330000000;37
RU000A0ZZFH2;0;20190111;130548;101.330000000;75
RU000A0ZZFH2;0;20190111;130548;101.330000000;19
RU000A0ZZFH2;0;20190111;134812;101.360000000;7
RU000A0ZZFH2;0;20190111;134812;101.500000000;45
RU000A0ZZFH2;0;20190111;134812;101.550000000;151
RU000A0ZZFH2;0;20190111;134812;101.550000000;97
RU000A0ZZFH2;0;20190111;141000;101.540000000;3
RU000A0ZZFH2;0;20190111;141000;101.550000000;7
RU000A0ZZFH2;0;20190111;141537;101.550000000;5
RU000A0ZZFH2;0;20190111;162949;101.550000000;48
RU000A0ZZFH2;0;20190111;163558;101.550000000;54
RU000A0ZZFH2;0;20190111;172521;101.550000000;11
RU000A0ZZFH2;0;20190111;172521;101.550000000;2
RU000A0ZZFH2;0;20190111;172521;101.550000000;2
RU000A0ZZFH2;0;20190111;172521;101.550000000;11
RU000A0ZZFH2;0;20190111;172522;101.550000000;11
RU000A0ZZFH2;0;20190111;172522;101.550000000;2
RU000A0ZZFH2;0;20190111;172522;101.590000000;9
RU000A0ZZFH2;0;20190111;172522;101.590000000;2
RU000A0ZZFH2;0;20190111;172522;101.590000000;11
RU000A0ZZFH2;0;20190111;172523;101.590000000;2
RU000A0ZZFH2;0;20190111;172523;101.580000000;2
RU000A0ZZFH2;0;20190111;172523;101.580000000;11
RU000A0ZZFH2;0;20190111;172523;101.580000000;11
RU000A0ZZFH2;0;20190111;174014;101.580000000;10
RU000A0ZZFH2;0;20190111;174014;101.590000000;976
RU000A0ZZFH2;0;20190111;174014;101.600000000;1144
RU000A0ZZFH2;0;20190111;183313;101.600000000;50
RU000A0ZZFH2;0;20190114;100726;101.600000000;10
RU000A0ZZFH2;0;20190114;101103;101.600000000;10
RU000A0ZZFH2;0;20190114;105744;101.600000000;20
RU000A0ZZFH2;0;20190114;105831;101.600000000;10
RU000A0ZZFH2;0;20190114;110204;101.600000000;20
RU000A0ZZFH2;0;20190114;110249;101.600000000;310
RU000A0ZZFH2;0;20190114;111818;101.600000000;620
RU000A0ZZFH2;0;20190114;111818;101.600000000;2211
RU000A0ZZFH2;0;20190114;112238;101.600000000;46
RU000A0ZZFH2;0;20190114;122603;101.600000000;12
RU000A0ZZFH2;0;20190114;125438;101.590000000;1
RU000A0ZZFH2;0;20190114;133201;101.590000000;50
RU000A0ZZFH2;0;20190114;135130;101.590000000;15
RU000A0ZZFH2;0;20190114;143526;101.590000000;10
RU000A0ZZFH2;0;20190114;143917;101.590000000;7
RU000A0ZZFH2;0;20190114;143917;101.600000000;3
RU000A0ZZFH2;0;20190114;144303;101.220000000;3
RU000A0ZZFH2;0;20190114;144303;101.210000000;1
RU000A0ZZFH2;0;20190114;144303;101.210000000;2
RU000A0ZZFH2;0;20190114;160456;101.300000000;350
RU000A0ZZFH2;0;20190114;174325;101.570000000;3
RU000A0ZZFH2;0;20190114;181958;101.580000000;5
RU000A0ZZFH2;0;20190114;182026;101.590000000;1
RU000A0ZZFH2;0;20190114;182026;101.590000000;2
RU000A0ZZFH2;0;20190114;182141;101.590000000;12
RU000A0ZZFH2;0;20190114;182539;101.590000000;13
RU000A0ZZFH2;0;20190114;182539;101.600000000;3044
RU000A0ZZFH2;0;20190115;100354;101.610000000;1
RU000A0ZZFH2;0;20190115;100404;101.610000000;2
RU000A0ZZFH2;0;20190115;101019;101.600000000;1
RU000A0ZZFH2;0;20190115;110623;101.650000000;1
RU000A0ZZFH2;0;20190115;111909;101.600000000;2
RU000A0ZZFH2;0;20190115;113851;101.640000000;1
RU000A0ZZFH2;0;20190115;120616;101.500000000;30
RU000A0ZZFH2;0;20190115;120707;101.240000000;8
RU000A0ZZFH2;0;20190115;120707;101.230000000;1
RU000A0ZZFH2;0;20190115;120707;101.230000000;12
RU000A0ZZFH2;0;20190115;121116;101.590000000;8
RU000A0ZZFH2;0;20190115;121116;101.600000000;12
RU000A0ZZFH2;0;20190115;131921;101.580000000;2
RU000A0ZZFH2;0;20190115;131921;101.590000000;1
RU000A0ZZFH2;0;20190115;131921;101.600000000;6
RU000A0ZZFH2;0;20190115;134735;101.600000000;62
RU000A0ZZFH2;0;20190115;143020;101.650000000;4
RU000A0ZZFH2;0;20190115;143512;101.650000000;20
RU000A0ZZFH2;0;20190115;143755;101.700000000;24
RU000A0ZZFH2;0;20190115;143842;101.700000000;1
RU000A0ZZFH2;0;20190115;144337;101.700000000;167
RU000A0ZZFH2;0;20190115;153505;101.700000000;70
RU000A0ZZFH2;0;20190115;153843;101.700000000;1
RU000A0ZZFH2;0;20190115;153856;101.700000000;10
RU000A0ZZFH2;0;20190115;154105;101.700000000;1
RU000A0ZZFH2;0;20190115;154458;101.700000000;10
RU000A0ZZFH2;0;20190115;155437;101.700000000;50
RU000A0ZZFH2;0;20190115;163432;101.700000000;6
RU000A0ZZFH2;0;20190115;163513;101.700000000;160
RU000A0ZZFH2;0;20190115;163525;101.730000000;28
RU000A0ZZFH2;0;20190115;165957;101.730000000;2
RU000A0ZZFH2;0;20190115;165957;101.990000000;3
RU000A0ZZFH2;0;20190115;171853;101.710000000;3
RU000A0ZZFH2;0;20190115;171859;101.700000000;24
RU000A0ZZFH2;0;20190115;171933;101.650000000;25
RU000A0ZZFH2;0;20190115;171950;101.650000000;1
RU000A0ZZFH2;0;20190115;174516;101.790000000;1
RU000A0ZZFH2;0;20190115;174625;101.790000000;2
RU000A0ZZFH2;0;20190115;174656;101.790000000;47
RU000A0ZZFH2;0;20190115;181956;101.790000000;18
RU000A0ZZFH2;0;20190116;102351;101.270000000;1
RU000A0ZZFH2;0;20190116;102351;101.260000000;1
RU000A0ZZFH2;0;20190116;102351;101.260000000;50
RU000A0ZZFH2;0;20190116;102351;101.250000000;68
RU000A0ZZFH2;0;20190116;102551;101.740000000;1
RU000A0ZZFH2;0;20190116;110241;101.740000000;1
RU000A0ZZFH2;0;20190116;111014;101.740000000;49
RU000A0ZZFH2;0;20190116;111014;101.740000000;15
RU000A0ZZFH2;0;20190116;113151;101.740000000;1
RU000A0ZZFH2;0;20190116;113151;101.750000000;368
RU000A0ZZFH2;0;20190116;114133;101.740000000;7
RU000A0ZZFH2;0;20190116;120044;101.740000000;210
RU000A0ZZFH2;0;20190116;123654;101.750000000;3
RU000A0ZZFH2;0;20190116;140057;101.740000000;5688
RU000A0ZZFH2;0;20190116;140550;101.740000000;1
RU000A0ZZFH2;0;20190116;141153;101.710000000;1
RU000A0ZZFH2;0;20190116;142523;101.740000000;1
RU000A0ZZFH2;0;20190116;143411;101.740000000;1810
RU000A0ZZFH2;0;20190116;143411;101.740000000;796
RU000A0ZZFH2;0;20190116;143411;101.750000000;1394
RU000A0ZZFH2;0;20190116;145345;101.740000000;200
RU000A0ZZFH2;0;20190116;145345;101.740000000;60
RU000A0ZZFH2;0;20190116;145452;101.740000000;38
RU000A0ZZFH2;0;20190116;150618;101.740000000;300
RU000A0ZZFH2;0;20190116;151447;101.740000000;5
RU000A0ZZFH2;0;20190116;152119;101.740000000;15
RU000A0ZZFH2;0;20190116;152635;101.700000000;1
RU000A0ZZFH2;0;20190116;155905;101.740000000;200
RU000A0ZZFH2;0;20190116;160152;101.700000000;1
RU000A0ZZFH2;0;20190116;164951;101.700000000;14
RU000A0ZZFH2;0;20190116;165509;101.700000000;34
RU000A0ZZFH2;0;20190116;174218;101.740000000;3
RU000A0ZZFH2;0;20190116;180749;101.740000000;6
RU000A0ZZFH2;0;20190117;101455;101.740000000;100
RU000A0ZZFH2;0;20190117;110359;101.740000000;73
RU000A0ZZFH2;0;20190117;112049;101.990000000;5
RU000A0ZZFH2;0;20190117;112228;101.990000000;23
RU000A0ZZFH2;0;20190117;112250;102.000000000;15
RU000A0ZZFH2;0;20190117;113810;101.750000000;3
RU000A0ZZFH2;0;20190117;113810;101.740000000;12
RU000A0ZZFH2;0;20190117;113810;101.710000000;5
RU000A0ZZFH2;0;20190117;121424;101.710000000;5
RU000A0ZZFH2;0;20190117;121424;101.700000000;10
RU000A0ZZFH2;0;20190117;125924;101.940000000;2
RU000A0ZZFH2;0;20190117;130858;101.940000000;1
RU000A0ZZFH2;0;20190117;130858;101.950000000;2
RU000A0ZZFH2;0;20190117;130954;101.900000000;20
RU000A0ZZFH2;0;20190117;133211;101.900000000;1
RU000A0ZZFH2;0;20190117;133551;101.900000000;2
RU000A0ZZFH2;0;20190117;143312;101.900000000;20
RU000A0ZZFH2;0;20190117;143504;101.900000000;100
RU000A0ZZFH2;0;20190117;150427;101.900000000;30
RU000A0ZZFH2;0;20190117;151627;101.800000000;2
RU000A0ZZFH2;0;20190117;160709;101.800000000;1
RU000A0ZZFH2;0;20190117;174018;101.800000000;4
RU000A0ZZFH2;0;20190117;174018;101.800000000;10
RU000A0ZZFH2;0;20190117;174152;101.890000000;51
RU000A0ZZFH2;0;20190117;174152;101.890000000;60
RU000A0ZZFH2;0;20190117;174152;101.900000000;30
RU000A0ZZFH2;0;20190117;181148;101.800000000;5
RU000A0ZZFH2;0;20190117;182520;101.850000000;5
RU000A0ZZFH2;0;20190117;182520;101.900000000;575
RU000A0ZZFH2;0;20190117;184425;101.900000000;50
RU000A0ZZFH2;0;20190118;101715;101.800000000;48
RU000A0ZZFH2;0;20190118;102635;101.990000000;10
RU000A0ZZFH2;0;20190118;103438;101.610000000;1
RU000A0ZZFH2;0;20190118;111921;101.980000000;1
RU000A0ZZFH2;0;20190118;111921;101.990000000;23
RU000A0ZZFH2;0;20190118;134602;101.740000000;1
RU000A0ZZFH2;0;20190118;134641;101.800000000;1
RU000A0ZZFH2;0;20190118;134733;101.810000000;1
RU000A0ZZFH2;0;20190118;134747;101.830000000;1
RU000A0ZZFH2;0;20190118;134811;101.990000000;4
RU000A0ZZFH2;0;20190118;160918;101.810000000;3
RU000A0ZZFH2;0;20190118;160939;101.800000000;6
RU000A0ZZFH2;0;20190118;182200;101.810000000;1
RU000A0ZZFH2;0;20190118;182428;101.970000000;3
RU000A0ZZFH2;0;20190118;182428;101.980000000;2
RU000A0ZZFH2;0;20190118;184117;101.810000000;3
RU000A0ZZFH2;0;20190121;115043;101.900000000;1
RU000A0ZZFH2;0;20190121;123536;101.890000000;5
RU000A0ZZFH2;0;20190121;125531;101.620000000;1
RU000A0ZZFH2;0;20190121;130711;101.880000000;1
RU000A0ZZFH2;0;20190121;130711;101.890000000;14
RU000A0ZZFH2;0;20190121;141312;101.890000000;30
RU000A0ZZFH2;0;20190121;150717;101.890000000;11
RU000A0ZZFH2;0;20190121;161707;101.890000000;5
RU000A0ZZFH2;0;20190121;163707;101.890000000;20
RU000A0ZZFH2;0;20190121;170512;101.890000000;15
RU000A0ZZFH2;0;20190121;170512;101.890000000;2
RU000A0ZZFH2;0;20190121;170512;101.970000000;127
RU000A0ZZFH2;0;20190121;171252;101.970000000;10
RU000A0ZZFH2;0;20190121;182229;101.970000000;263
RU000A0ZZFH2;0;20190121;182229;101.970000000;109
RU000A0ZZFH2;0;20190121;182229;101.980000000;5
RU000A0ZZFH2;0;20190121;182229;102.000000000;1498
RU000A0ZZFH2;0;20190122;101054;102.000000000;188
RU000A0ZZFH2;0;20190122;110616;101.710000000;3
RU000A0ZZFH2;0;20190122;110723;101.700000000;95
RU000A0ZZFH2;0;20190122;120634;101.970000000;2
RU000A0ZZFH2;0;20190122;125323;101.970000000;1
RU000A0ZZFH2;0;20190122;125843;101.670000000;1
RU000A0ZZFH2;0;20190122;133051;101.960000000;1
RU000A0ZZFH2;0;20190122;133125;101.970000000;3
RU000A0ZZFH2;0;20190122;133141;101.980000000;16
RU000A0ZZFH2;0;20190122;141427;101.980000000;6
RU000A0ZZFH2;0;20190122;141438;101.990000000;4
RU000A0ZZFH2;0;20190122;172434;101.990000000;16
RU000A0ZZFH2;0;20190122;172434;102.000000000;312
RU000A0ZZFH2;0;20190122;172434;102.000000000;257
RU000A0ZZFH2;0;20190122;175756;102.000000000;20
RU000A0ZZFH2;0;20190123;100415;101.630000000;2
RU000A0ZZFH2;0;20190123;100415;101.620000000;4
RU000A0ZZFH2;0;20190123;100415;101.510000000;1
RU000A0ZZFH2;0;20190123;100415;101.500000000;38
RU000A0ZZFH2;0;20190123;101452;101.990000000;1
RU000A0ZZFH2;0;20190123;104516;101.990000000;9
RU000A0ZZFH2;0;20190123;104516;102.000000000;456
RU000A0ZZFH2;0;20190123;120837;101.970000000;3
RU000A0ZZFH2;0;20190123;123129;101.990000000;1
RU000A0ZZFH2;0;20190123;123403;101.990000000;1
RU000A0ZZFH2;0;20190123;140326;102.000000000;2285
RU000A0ZZFH2;0;20190123;153501;101.980000000;5
RU000A0ZZFH2;0;20190123;160254;101.980000000;15
RU000A0ZZFH2;0;20190123;160254;101.990000000;5
RU000A0ZZFH2;0;20190123;160254;101.990000000;528
RU000A0ZZFH2;0;20190123;160254;101.990000000;5
RU000A0ZZFH2;0;20190123;160254;101.990000000;66
RU000A0ZZFH2;0;20190123;160254;102.000000000;7259
RU000A0ZZFH2;0;20190123;160446;102.000000000;200
RU000A0ZZFH2;0;20190123;160529;102.000000000;500
RU000A0ZZFH2;0;20190123;163711;102.010000000;1
RU000A0ZZFH2;0;20190123;163835;102.000000000;40
RU000A0ZZFH2;0;20190123;163911;102.000000000;10
RU000A0ZZFH2;0;20190123;163943;102.000000000;8
RU000A0ZZFH2;0;20190123;170724;102.000000000;700
RU000A0ZZFH2;0;20190123;170830;102.000000000;48
RU000A0ZZFH2;0;20190123;172627;102.000000000;2
RU000A0ZZFH2;0;20190124;114418;101.980000000;3
RU000A0ZZFH2;0;20190124;114432;101.990000000;8
RU000A0ZZFH2;0;20190124;114530;102.000000000;39
RU000A0ZZFH2;0;20190124;120500;102.000000000;4
RU000A0ZZFH2;0;20190124;124153;102.000000000;207
RU000A0ZZFH2;0;20190124;124153;102.000000000;43
RU000A0ZZFH2;0;20190124;153220;101.980000000;33
RU000A0ZZFH2;0;20190124;153220;101.990000000;17
RU000A0ZZFH2;0;20190124;154240;101.990000000;40
RU000A0ZZFH2;0;20190124;165058;101.990000000;142
RU000A0ZZFH2;0;20190124;165058;101.990000000;158
RU000A0ZZFH2;0;20190124;165157;101.990000000;150
RU000A0ZZFH2;0;20190124;171522;101.990000000;1
RU000A0ZZFH2;0;20190124;172505;101.990000000;17
RU000A0ZZFH2;0;20190124;174306;101.990000000;1
RU000A0ZZFH2;0;20190124;180517;101.990000000;173
RU000A0ZZFH2;0;20190124;180517;101.990000000;4
RU000A0ZZFH2;0;20190124;180517;102.000000000;10
RU000A0ZZFH2;0;20190124;182225;102.000000000;1400
RU000A0ZZFH2;0;20190125;102348;101.730000000;3
RU000A0ZZFH2;0;20190125;102348;101.720000000;350
RU000A0ZZFH2;0;20190125;102616;101.990000000;1
RU000A0ZZFH2;0;20190125;104037;101.990000000;1
RU000A0ZZFH2;0;20190125;112117;101.920000000;2
RU000A0ZZFH2;0;20190125;113410;101.980000000;1
RU000A0ZZFH2;0;20190125;120334;101.950000000;6
RU000A0ZZFH2;0;20190125;120334;101.910000000;1
RU000A0ZZFH2;0;20190125;120334;101.900000000;2
RU000A0ZZFH2;0;20190125;120334;101.900000000;76
RU000A0ZZFH2;0;20190125;122055;101.940000000;2
RU000A0ZZFH2;0;20190125;122055;101.950000000;43
RU000A0ZZFH2;0;20190125;122055;101.950000000;45
RU000A0ZZFH2;0;20190125;122055;101.950000000;75
RU000A0ZZFH2;0;20190125;122055;101.950000000;7
RU000A0ZZFH2;0;20190125;122055;101.950000000;27
RU000A0ZZFH2;0;20190125;122055;101.950000000;15
RU000A0ZZFH2;0;20190125;122055;101.950000000;13
RU000A0ZZFH2;0;20190125;122055;101.950000000;18
RU000A0ZZFH2;0;20190125;122055;101.950000000;37
RU000A0ZZFH2;0;20190125;122055;101.950000000;46
RU000A0ZZFH2;0;20190125;122055;101.950000000;937
RU000A0ZZFH2;0;20190125;123234;101.950000000;50
RU000A0ZZFH2;0;20190125;132121;101.950000000;3
RU000A0ZZFH2;0;20190125;134444;101.950000000;2
RU000A0ZZFH2;0;20190125;145216;101.900000000;50
RU000A0ZZFH2;0;20190125;145347;101.900000000;48
RU000A0ZZFH2;0;20190125;163327;101.900000000;30
RU000A0ZZFH2;0;20190125;165203;101.950000000;3682
RU000A0ZZFH2;0;20190125;165203;101.980000000;15
RU000A0ZZFH2;0;20190125;165203;102.000000000;25
RU000A0ZZFH2;0;20190125;165203;102.000000000;778
RU000A0ZZFH2;0;20190125;170443;102.000000000;4
RU000A0ZZFH2;0;20190125;171045;102.000000000;10
RU000A0ZZFH2;0;20190125;173324;102.000000000;500
RU000A0ZZFH2;0;20190125;175418;102.000000000;20
RU000A0ZZFH2;0;20190125;181727;102.000000000;40
RU000A0ZZFH2;0;20190125;181727;102.000000000;1
RU000A0ZZFH2;0;20190125;182734;102.000000000;90
RU000A0ZZFH2;0;20190128;101546;102.000000000;5
RU000A0ZZFH2;0;20190128;102301;101.800000000;1
RU000A0ZZFH2;0;20190128;102402;101.800000000;15
RU000A0ZZFH2;0;20190128;104013;101.800000000;5
RU000A0ZZFH2;0;20190128;104648;101.700000000;1
RU000A0ZZFH2;0;20190128;104648;101.620000000;19
RU000A0ZZFH2;0;20190128;111449;101.760000000;17
RU000A0ZZFH2;0;20190128;120100;101.800000000;10
RU000A0ZZFH2;0;20190128;120644;101.800000000;5
RU000A0ZZFH2;0;20190128;134630;101.790000000;172
RU000A0ZZFH2;0;20190128;141917;101.800000000;3
RU000A0ZZFH2;0;20190128;144115;101.950000000;20
RU000A0ZZFH2;0;20190128;144220;101.950000000;45
RU000A0ZZFH2;0;20190128;144711;101.950000000;25
RU000A0ZZFH2;0;20190128;154600;101.900000000;4
RU000A0ZZFH2;0;20190128;155549;101.900000000;5
RU000A0ZZFH2;0;20190128;161902;101.900000000;5
RU000A0ZZFH2;0;20190128;170149;101.900000000;10
RU000A0ZZFH2;0;20190128;173248;101.900000000;18
RU000A0ZZFH2;0;20190128;173939;101.880000000;10
RU000A0ZZFH2;0;20190128;175105;101.880000000;2
RU000A0ZZFH2;0;20190128;175729;101.900000000;2570
RU000A0ZZFH2;0;20190128;182343;101.880000000;100
RU000A0ZZFH2;0;20190129;103907;101.890000000;5
RU000A0ZZFH2;0;20190129;104949;101.890000000;52
RU000A0ZZFH2;0;20190129;104949;101.900000000;41
RU000A0ZZFH2;0;20190129;110411;101.900000000;1
RU000A0ZZFH2;0;20190129;111736;101.730000000;2
RU000A0ZZFH2;0;20190129;111736;101.720000000;3
RU000A0ZZFH2;0;20190129;112513;101.720000000;1
RU000A0ZZFH2;0;20190129;114726;101.720000000;6
RU000A0ZZFH2;0;20190129;114726;101.720000000;50
RU000A0ZZFH2;0;20190129;114726;101.720000000;8
RU000A0ZZFH2;0;20190129;120542;101.880000000;2
RU000A0ZZFH2;0;20190129;120542;101.890000000;3
RU000A0ZZFH2;0;20190129;121407;101.890000000;5
RU000A0ZZFH2;0;20190129;130243;101.890000000;1
RU000A0ZZFH2;0;20190129;135527;101.890000000;30
RU000A0ZZFH2;0;20190129;142023;101.840000000;7
RU000A0ZZFH2;0;20190129;142150;101.890000000;11
RU000A0ZZFH2;0;20190129;143342;101.890000000;31
RU000A0ZZFH2;0;20190129;150009;101.900000000;2
RU000A0ZZFH2;0;20190129;150221;101.890000000;2
RU000A0ZZFH2;0;20190129;153639;101.900000000;100
RU000A0ZZFH2;0;20190129;155324;101.900000000;95
RU000A0ZZFH2;0;20190129;160452;101.840000000;46
RU000A0ZZFH2;0;20190129;160716;101.900000000;17
RU000A0ZZFH2;0;20190129;162313;101.840000000;150
RU000A0ZZFH2;0;20190129;163332;101.900000000;3132
RU000A0ZZFH2;0;20190129;163332;101.900000000;578
RU000A0ZZFH2;0;20190129;163738;101.900000000;1100
RU000A0ZZFH2;0;20190129;164933;101.900000000;15
RU000A0ZZFH2;0;20190129;170511;101.840000000;5
RU000A0ZZFH2;0;20190129;171253;101.900000000;1
RU000A0ZZFH2;0;20190129;182102;101.890000000;5
RU000A0ZZFH2;0;20190129;182102;101.900000000;5
RU000A0ZZFH2;0;20190130;102951;101.900000000;1
RU000A0ZZFH2;0;20190130;104619;101.900000000;1
RU000A0ZZFH2;0;20190130;111156;101.900000000;1402
RU000A0ZZFH2;0;20190130;131650;101.760000000;88
RU000A0ZZFH2;0;20190130;131927;101.900000000;1
RU000A0ZZFH2;0;20190130;141419;101.770000000;2
RU000A0ZZFH2;0;20190130;141419;101.760000000;48
RU000A0ZZFH2;0;20190130;164344;101.850000000;5000
RU000A0ZZFH2;0;20190130;180118;101.910000000;469
RU000A0ZZFH2;0;20190130;180118;101.950000000;296
RU000A0ZZFH2;0;20190131;101109;101.950000000;100
RU000A0ZZFH2;0;20190131;101118;101.940000000;2
RU000A0ZZFH2;0;20190131;101118;101.950000000;14
RU000A0ZZFH2;0;20190131;101218;101.950000000;75
RU000A0ZZFH2;0;20190131;101651;101.950000000;4
RU000A0ZZFH2;0;20190131;103914;101.940000000;1
RU000A0ZZFH2;0;20190131;105442;101.940000000;4
RU000A0ZZFH2;0;20190131;105442;101.950000000;4
RU000A0ZZFH2;0;20190131;105546;101.950000000;1
RU000A0ZZFH2;0;20190131;121039;101.940000000;1
RU000A0ZZFH2;0;20190131;121057;101.940000000;20
RU000A0ZZFH2;0;20190131;121537;101.740000000;3
RU000A0ZZFH2;0;20190131;121537;101.730000000;50
RU000A0ZZFH2;0;20190131;121537;101.720000000;10
RU000A0ZZFH2;0;20190131;121537;101.710000000;37
RU000A0ZZFH2;0;20190131;123310;101.930000000;3
RU000A0ZZFH2;0;20190131;123310;101.940000000;7
RU000A0ZZFH2;0;20190131;134242;101.900000000;42
RU000A0ZZFH2;0;20190131;140014;101.900000000;83
RU000A0ZZFH2;0;20190131;145317;101.900000000;57
RU000A0ZZFH2;0;20190131;151627;101.900000000;373
RU000A0ZZFH2;0;20190131;153219;101.900000000;4
RU000A0ZZFH2;0;20190131;153219;101.900000000;9
RU000A0ZZFH2;0;20190131;153219;101.900000000;7
RU000A0ZZFH2;0;20190131;153219;101.900000000;1
RU000A0ZZFH2;0;20190131;153219;101.900000000;10
RU000A0ZZFH2;0;20190131;153219;101.900000000;13
RU000A0ZZFH2;0;20190131;153219;101.900000000;1
RU000A0ZZFH2;0;20190131;153219;101.900000000;46
RU000A0ZZFH2;0;20190131;153219;101.900000000;69
RU000A0ZZFH2;0;20190131;154507;101.850000000;1
RU000A0ZZFH2;0;20190131;154507;101.850000000;1
RU000A0ZZFH2;0;20190131;154507;101.850000000;1
RU000A0ZZFH2;0;20190131;155157;101.850000000;1755
RU000A0ZZFH2;0;20190131;160833;101.850000000;468
RU000A0ZZFH2;0;20190131;161418;101.850000000;1191
RU000A0ZZFH2;0;20190131;161517;101.850000000;83
RU000A0ZZFH2;0;20190131;171020;101.950000000;1
RU000A0ZZFH2;0;20190131;180635;101.940000000;9
RU000A0ZZFH2;0;20190131;181006;101.940000000;6
RU000A0ZZFH2;0;20190131;181352;101.940000000;2
RU000A0ZZFH2;0;20190131;181852;101.940000000;10
RU000A0ZZFH2;0;20190131;184035;101.940000000;43
RU000A0ZZFH2;0;20190201;100807;101.950000000;8
RU000A0ZZFH2;0;20190201;100807;101.950000000;9
RU000A0ZZFH2;0;20190201;100807;101.950000000;18
RU000A0ZZFH2;0;20190201;100807;101.950000000;12
RU000A0ZZFH2;0;20190201;100807;101.950000000;3
RU000A0ZZFH2;0;20190201;103928;102.000000000;234
RU000A0ZZFH2;0;20190201;111110;101.960000000;5
RU000A0ZZFH2;0;20190201;112036;102.000000000;5
RU000A0ZZFH2;0;20190201;112814;102.000000000;25
RU000A0ZZFH2;0;20190201;113514;101.960000000;43
RU000A0ZZFH2;0;20190201;113514;101.950000000;15
RU000A0ZZFH2;0;20190201;113514;101.950000000;93
RU000A0ZZFH2;0;20190201;113657;101.950000000;5
RU000A0ZZFH2;0;20190201;114610;101.950000000;690
RU000A0ZZFH2;0;20190201;115946;101.950000000;25
RU000A0ZZFH2;0;20190201;120005;101.950000000;155
RU000A0ZZFH2;0;20190201;122132;101.950000000;188
RU000A0ZZFH2;0;20190201;122136;101.950000000;1505
RU000A0ZZFH2;0;20190201;131704;101.940000000;1
RU000A0ZZFH2;0;20190201;132258;101.940000000;43
RU000A0ZZFH2;0;20190201;132841;101.950000000;3
RU000A0ZZFH2;0;20190201;133631;101.940000000;3
RU000A0ZZFH2;0;20190201;133715;101.950000000;25
RU000A0ZZFH2;0;20190201;143431;101.940000000;15
RU000A0ZZFH2;0;20190201;143758;101.950000000;2253
RU000A0ZZFH2;0;20190201;143758;102.000000000;3887
RU000A0ZZFH2;0;20190201;153804;102.000000000;10
RU000A0ZZFH2;0;20190201;160827;101.940000000;200
RU000A0ZZFH2;0;20190201;164404;101.940000000;674
RU000A0ZZFH2;0;20190201;164404;101.940000000;26
RU000A0ZZFH2;0;20190201;164916;101.950000000;3
RU000A0ZZFH2;0;20190201;164916;101.940000000;64
RU000A0ZZFH2;0;20190201;164916;101.900000000;83
RU000A0ZZFH2;0;20190201;165257;101.910000000;27
RU000A0ZZFH2;0;20190201;165557;101.970000000;3
RU000A0ZZFH2;0;20190201;174446;101.910000000;6
RU000A0ZZFH2;0;20190201;174446;101.910000000;30
RU000A0ZZFH2;0;20190201;174446;101.900000000;12
RU000A0ZZFH2;0;20190201;174446;101.860000000;700
RU000A0ZZFH2;0;20190201;174446;101.860000000;252
RU000A0ZZFH2;0;20190201;175331;101.880000000;1
RU000A0ZZFH2;0;20190201;175609;101.880000000;2
RU000A0ZZFH2;0;20190201;175609;101.870000000;500
RU000A0ZZFH2;0;20190201;175609;101.870000000;348
RU000A0ZZFH2;0;20190201;180202;101.960000000;1
RU000A0ZZFH2;0;20190204;112818;101.980000000;2
RU000A0ZZFH2;0;20190204;113331;101.990000000;34
RU000A0ZZFH2;0;20190204;113640;101.980000000;48
RU000A0ZZFH2;0;20190204;114749;101.900000000;10
RU000A0ZZFH2;0;20190204;120022;101.800000000;20
RU000A0ZZFH2;0;20190204;123625;101.890000000;1
RU000A0ZZFH2;0;20190204;131057;101.890000000;20
RU000A0ZZFH2;0;20190204;133826;101.860000000;3
RU000A0ZZFH2;0;20190204;134947;101.850000000;3
RU000A0ZZFH2;0;20190204;135000;101.850000000;5
RU000A0ZZFH2;0;20190204;135434;101.850000000;14
RU000A0ZZFH2;0;20190204;140427;101.900000000;4
RU000A0ZZFH2;0;20190204;144103;101.900000000;4
RU000A0ZZFH2;0;20190204;145213;101.900000000;22
RU000A0ZZFH2;0;20190204;145535;101.850000000;8
RU000A0ZZFH2;0;20190204;145535;101.850000000;10
RU000A0ZZFH2;0;20190204;145535;101.820000000;50
RU000A0ZZFH2;0;20190204;145535;101.820000000;10
RU000A0ZZFH2;0;20190204;145535;101.810000000;213
RU000A0ZZFH2;0;20190204;145535;101.810000000;627
RU000A0ZZFH2;0;20190204;173433;101.850000000;21
RU000A0ZZFH2;0;20190204;173717;101.900000000;5
RU000A0ZZFH2;0;20190204;174724;101.900000000;4
RU000A0ZZFH2;0;20190204;175425;101.900000000;25
RU000A0ZZFH2;0;20190204;180018;101.900000000;1196
RU000A0ZZFH2;0;20190204;180018;101.900000000;94
RU000A0ZZFH2;0;20190204;180040;101.900000000;115
RU000A0ZZFH2;0;20190204;180143;101.900000000;68
RU000A0ZZFH2;0;20190204;182259;101.900000000;1
RU000A0ZZFH2;0;20190204;182503;101.900000000;132
RU000A0ZZFH2;0;20190204;184112;101.940000000;10
RU000A0ZZFH2;0;20190204;184139;101.950000000;121
RU000A0ZZFH2;0;20190205;100328;101.900000000;297
RU000A0ZZFH2;0;20190205;101208;101.900000000;1
RU000A0ZZFH2;0;20190205;101425;101.850000000;49
RU000A0ZZFH2;0;20190205;101859;101.850000000;20
RU000A0ZZFH2;0;20190205;103510;101.890000000;28
RU000A0ZZFH2;0;20190205;103805;101.890000000;8
RU000A0ZZFH2;0;20190205;104000;101.890000000;1
RU000A0ZZFH2;0;20190205;104455;101.890000000;6
RU000A0ZZFH2;0;20190205;104455;101.890000000;4
RU000A0ZZFH2;0;20190205;104651;101.890000000;1
RU000A0ZZFH2;0;20190205;110511;101.890000000;279
RU000A0ZZFH2;0;20190205;110511;101.900000000;221
RU000A0ZZFH2;0;20190205;111909;101.860000000;20
RU000A0ZZFH2;0;20190205;111909;101.850000000;30
RU000A0ZZFH2;0;20190205;112129;101.900000000;5
RU000A0ZZFH2;0;20190205;112205;101.900000000;5
RU000A0ZZFH2;0;20190205;112944;101.900000000;50
RU000A0ZZFH2;0;20190205;113309;101.900000000;4
RU000A0ZZFH2;0;20190205;113332;101.900000000;30
RU000A0ZZFH2;0;20190205;115256;101.860000000;3
RU000A0ZZFH2;0;20190205;115256;101.850000000;197
RU000A0ZZFH2;0;20190205;121218;101.930000000;3
RU000A0ZZFH2;0;20190205;125921;101.930000000;1
RU000A0ZZFH2;0;20190205;130152;101.930000000;1
RU000A0ZZFH2;0;20190205;130353;101.930000000;2
RU000A0ZZFH2;0;20190205;131744;101.930000000;1225
RU000A0ZZFH2;0;20190205;132606;101.920000000;3
RU000A0ZZFH2;0;20190205;134435;101.920000000;6
RU000A0ZZFH2;0;20190205;134435;101.920000000;23
RU000A0ZZFH2;0;20190205;141714;101.920000000;3
RU000A0ZZFH2;0;20190205;142831;101.920000000;4
RU000A0ZZFH2;0;20190205;142831;101.930000000;121
RU000A0ZZFH2;0;20190205;143106;101.910000000;573
RU000A0ZZFH2;0;20190205;145031;101.910000000;98
RU000A0ZZFH2;0;20190205;145031;101.900000000;20
RU000A0ZZFH2;0;20190205;151609;101.890000000;10
RU000A0ZZFH2;0;20190205;151609;101.850000000;299
RU000A0ZZFH2;0;20190205;160555;101.920000000;10
RU000A0ZZFH2;0;20190205;165436;101.920000000;90
RU000A0ZZFH2;0;20190205;170756;101.920000000;2
RU000A0ZZFH2;0;20190205;174806;101.920000000;100
RU000A0ZZFH2;0;20190205;174815;101.920000000;30
RU000A0ZZFH2;0;20190206;100439;101.900000000;32
RU000A0ZZFH2;0;20190206;100439;101.900000000;18
RU000A0ZZFH2;0;20190206;100439;101.900000000;7
RU000A0ZZFH2;0;20190206;100439;101.900000000;1
RU000A0ZZFH2;0;20190206;100439;101.900000000;2
RU000A0ZZFH2;0;20190206;100439;101.900000000;1
RU000A0ZZFH2;0;20190206;100439;101.900000000;3
RU000A0ZZFH2;0;20190206;100439;101.900000000;1
RU000A0ZZFH2;0;20190206;100439;101.900000000;90
RU000A0ZZFH2;0;20190206;105358;101.900000000;133
RU000A0ZZFH2;0;20190206;105358;101.900000000;43
RU000A0ZZFH2;0;20190206;105358;101.900000000;1
RU000A0ZZFH2;0;20190206;105358;101.900000000;4
RU000A0ZZFH2;0;20190206;105358;101.900000000;2
RU000A0ZZFH2;0;20190206;105358;101.900000000;3
RU000A0ZZFH2;0;20190206;105358;101.900000000;11
RU000A0ZZFH2;0;20190206;105358;101.900000000;2
RU000A0ZZFH2;0;20190206;105358;101.900000000;14
RU000A0ZZFH2;0;20190206;105358;101.900000000;2
RU000A0ZZFH2;0;20190206;105358;101.900000000;3
RU000A0ZZFH2;0;20190206;105358;101.900000000;1
RU000A0ZZFH2;0;20190206;105358;101.900000000;6
RU000A0ZZFH2;0;20190206;105358;101.900000000;2
RU000A0ZZFH2;0;20190206;105358;101.900000000;3
RU000A0ZZFH2;0;20190206;105358;101.900000000;2
RU000A0ZZFH2;0;20190206;105358;101.900000000;7
RU000A0ZZFH2;0;20190206;105358;101.900000000;4
RU000A0ZZFH2;0;20190206;105358;101.900000000;2
RU000A0ZZFH2;0;20190206;105358;101.900000000;1
RU000A0ZZFH2;0;20190206;105358;101.900000000;1
RU000A0ZZFH2;0;20190206;105358;101.900000000;2
RU000A0ZZFH2;0;20190206;105358;101.900000000;9
RU000A0ZZFH2;0;20190206;105358;101.900000000;1
RU000A0ZZFH2;0;20190206;105358;101.900000000;65
RU000A0ZZFH2;0;20190206;105358;101.900000000;4
RU000A0ZZFH2;0;20190206;105358;101.900000000;1
RU000A0ZZFH2;0;20190206;105358;101.900000000;1
RU000A0ZZFH2;0;20190206;105358;101.900000000;2
RU000A0ZZFH2;0;20190206;105358;101.900000000;8
RU000A0ZZFH2;0;20190206;105358;101.900000000;8
RU000A0ZZFH2;0;20190206;105358;101.900000000;33
RU000A0ZZFH2;0;20190206;105358;101.900000000;2
RU000A0ZZFH2;0;20190206;105358;101.900000000;2
RU000A0ZZFH2;0;20190206;105358;101.900000000;1
RU000A0ZZFH2;0;20190206;105358;101.900000000;1
RU000A0ZZFH2;0;20190206;105358;101.900000000;102
RU000A0ZZFH2;0;20190206;105358;101.900000000;4
RU000A0ZZFH2;0;20190206;105358;101.900000000;2
RU000A0ZZFH2;0;20190206;105358;101.900000000;2
RU000A0ZZFH2;0;20190206;105358;101.900000000;3
RU000A0ZZFH2;0;20190206;105358;101.900000000;1
RU000A0ZZFH2;0;20190206;105358;101.900000000;2
RU000A0ZZFH2;0;20190206;105358;101.900000000;1
RU000A0ZZFH2;0;20190206;105358;101.900000000;3
RU000A0ZZFH2;0;20190206;105358;101.900000000;1
RU000A0ZZFH2;0;20190206;105358;101.900000000;6
RU000A0ZZFH2;0;20190206;105358;101.900000000;2
RU000A0ZZFH2;0;20190206;105358;101.900000000;3
RU000A0ZZFH2;0;20190206;105358;101.900000000;1
RU000A0ZZFH2;0;20190206;105358;101.900000000;1
RU000A0ZZFH2;0;20190206;105358;101.900000000;51
RU000A0ZZFH2;0;20190206;105358;101.900000000;48
RU000A0ZZFH2;0;20190206;105358;101.900000000;48
RU000A0ZZFH2;0;20190206;105358;101.900000000;107
RU000A0ZZFH2;0;20190206;105358;101.900000000;48
RU000A0ZZFH2;0;20190206;105358;101.900000000;1
RU000A0ZZFH2;0;20190206;105358;101.900000000;2
RU000A0ZZFH2;0;20190206;105358;101.900000000;2
RU000A0ZZFH2;0;20190206;105358;101.900000000;2
RU000A0ZZFH2;0;20190206;105358;101.900000000;2
RU000A0ZZFH2;0;20190206;105358;101.900000000;1
RU000A0ZZFH2;0;20190206;105358;101.900000000;1
RU000A0ZZFH2;0;20190206;105358;101.900000000;1
RU000A0ZZFH2;0;20190206;105358;101.900000000;1
RU000A0ZZFH2;0;20190206;105358;101.900000000;1
RU000A0ZZFH2;0;20190206;105358;101.900000000;2
RU000A0ZZFH2;0;20190206;105358;101.900000000;2
RU000A0ZZFH2;0;20190206;105358;101.900000000;2
RU000A0ZZFH2;0;20190206;105358;101.900000000;1
RU000A0ZZFH2;0;20190206;105358;101.900000000;2
RU000A0ZZFH2;0;20190206;105358;101.900000000;2
RU000A0ZZFH2;0;20190206;111038;101.920000000;2
RU000A0ZZFH2;0;20190206;111038;101.950000000;88
RU000A0ZZFH2;0;20190206;112410;101.900000000;2
RU000A0ZZFH2;0;20190206;112410;101.900000000;1
RU000A0ZZFH2;0;20190206;112410;101.900000000;2
RU000A0ZZFH2;0;20190206;112410;101.900000000;41
RU000A0ZZFH2;0;20190206;112410;101.900000000;2
RU000A0ZZFH2;0;20190206;112410;101.900000000;22
RU000A0ZZFH2;0;20190206;114517;101.950000000;2000
RU000A0ZZFH2;0;20190206;121422;101.900000000;1
RU000A0ZZFH2;0;20190206;122443;101.940000000;3
RU000A0ZZFH2;0;20190206;123906;101.940000000;12
RU000A0ZZFH2;0;20190206;124319;101.940000000;42
RU000A0ZZFH2;0;20190206;124508;101.940000000;10
RU000A0ZZFH2;0;20190206;131946;101.940000000;12
RU000A0ZZFH2;0;20190206;132251;101.940000000;146
RU000A0ZZFH2;0;20190206;132314;101.950000000;254
RU000A0ZZFH2;0;20190206;132901;101.950000000;18
RU000A0ZZFH2;0;20190206;133045;101.930000000;10
RU000A0ZZFH2;0;20190206;133106;101.930000000;5
RU000A0ZZFH2;0;20190206;133710;101.930000000;67
RU000A0ZZFH2;0;20190206;135820;101.930000000;1
RU000A0ZZFH2;0;20190206;140851;101.940000000;37
RU000A0ZZFH2;0;20190206;141114;101.940000000;90
RU000A0ZZFH2;0;20190206;150044;101.950000000;200
RU000A0ZZFH2;0;20190206;151119;101.950000000;980
RU000A0ZZFH2;0;20190206;151703;101.950000000;1436
RU000A0ZZFH2;0;20190206;153949;101.990000000;10
RU000A0ZZFH2;0;20190206;153949;101.990000000;8
RU000A0ZZFH2;0;20190206;154957;102.000000000;10
RU000A0ZZFH2;0;20190206;155647;102.000000000;19
RU000A0ZZFH2;0;20190206;155811;102.000000000;8
RU000A0ZZFH2;0;20190206;160037;102.000000000;1
RU000A0ZZFH2;0;20190206;160120;101.990000000;28
RU000A0ZZFH2;0;20190206;160143;102.000000000;9
RU000A0ZZFH2;0;20190206;160420;101.990000000;36
RU000A0ZZFH2;0;20190206;160843;101.990000000;1
RU000A0ZZFH2;0;20190206;161027;101.990000000;98
RU000A0ZZFH2;0;20190206;163313;101.990000000;8
RU000A0ZZFH2;0;20190206;165940;102.000000000;100
RU000A0ZZFH2;0;20190206;171159;102.000000000;2234
RU000A0ZZFH2;0;20190206;173709;101.990000000;19
RU000A0ZZFH2;0;20190206;174242;102.000000000;588
RU000A0ZZFH2;0;20190206;175408;102.000000000;624
RU000A0ZZFH2;0;20190206;180312;102.000000000;1
RU000A0ZZFH2;0;20190206;181522;102.000000000;30
RU000A0ZZFH2;0;20190206;183629;102.000000000;10
RU000A0ZZFH2;0;20190207;102157;102.000000000;4
RU000A0ZZFH2;0;20190207;102301;102.000000000;23
RU000A0ZZFH2;0;20190207;103353;101.950000000;29
RU000A0ZZFH2;0;20190207;110635;101.860000000;2
RU000A0ZZFH2;0;20190207;110635;101.850000000;269
RU000A0ZZFH2;0;20190207;111854;101.850000000;4
RU000A0ZZFH2;0;20190207;122040;101.940000000;2
RU000A0ZZFH2;0;20190207;122040;101.950000000;1
RU000A0ZZFH2;0;20190207;122040;101.950000000;6
RU000A0ZZFH2;0;20190207;122040;101.990000000;6
RU000A0ZZFH2;0;20190207;123616;101.870000000;3
RU000A0ZZFH2;0;20190207;124445;101.980000000;3
RU000A0ZZFH2;0;20190207;124445;101.990000000;2
RU000A0ZZFH2;0;20190207;124707;102.000000000;5
RU000A0ZZFH2;0;20190207;124730;101.870000000;2
RU000A0ZZFH2;0;20190207;145245;101.990000000;2
RU000A0ZZFH2;0;20190207;145245;102.000000000;8
RU000A0ZZFH2;0;20190207;151818;102.000000000;1800
RU000A0ZZFH2;0;20190207;151818;102.000000000;1
RU000A0ZZFH2;0;20190207;153728;102.000000000;50
RU000A0ZZFH2;0;20190207;153749;102.000000000;50
RU000A0ZZFH2;0;20190207;154121;102.000000000;9
RU000A0ZZFH2;0;20190207;170316;101.990000000;100
RU000A0ZZFH2;0;20190207;170941;102.000000000;13
RU000A0ZZFH2;0;20190207;172758;101.990000000;20
RU000A0ZZFH2;0;20190207;172823;102.000000000;480
RU000A0ZZFH2;0;20190207;173403;102.000000000;3
RU000A0ZZFH2;0;20190207;173621;102.000000000;20
RU000A0ZZFH2;0;20190207;181612;101.950000000;1
RU000A0ZZFH2;0;20190207;181829;102.000000000;1
RU000A0ZZFH2;0;20190207;181829;102.000000000;1
RU000A0ZZFH2;0;20190207;181830;102.000000000;2
RU000A0ZZFH2;0;20190207;181830;102.000000000;2
RU000A0ZZFH2;0;20190207;181830;102.000000000;1
RU000A0ZZFH2;0;20190207;181830;102.000000000;1
RU000A0ZZFH2;0;20190207;181830;102.000000000;1
RU000A0ZZFH2;0;20190207;181830;102.000000000;2
RU000A0ZZFH2;0;20190207;181830;102.000000000;54
RU000A0ZZFH2;0;20190207;181901;102.000000000;1
RU000A0ZZFH2;0;20190207;181901;102.000000000;8
RU000A0ZZFH2;0;20190207;181901;102.000000000;28
RU000A0ZZFH2;0;20190207;181914;102.000000000;50
RU000A0ZZFH2;0;20190207;181914;102.000000000;3
RU000A0ZZFH2;0;20190207;181914;102.000000000;21
RU000A0ZZFH2;0;20190207;181926;102.000000000;26
RU000A0ZZFH2;0;20190207;181938;102.000000000;31
RU000A0ZZFH2;0;20190207;181938;102.000000000;2
RU000A0ZZFH2;0;20190207;181938;102.000000000;2
RU000A0ZZFH2;0;20190207;181938;102.000000000;1
RU000A0ZZFH2;0;20190207;181938;102.000000000;17
RU000A0ZZFH2;0;20190207;181938;102.000000000;20
RU000A0ZZFH2;0;20190207;181938;102.000000000;121
RU000A0ZZFH2;0;20190208;120732;102.000000000;30
RU000A0ZZFH2;0;20190208;120925;102.000000000;610
RU000A0ZZFH2;0;20190208;121122;101.910000000;40
RU000A0ZZFH2;0;20190208;121122;101.910000000;226
RU000A0ZZFH2;0;20190208;121122;101.910000000;68
RU000A0ZZFH2;0;20190208;123459;102.000000000;2
RU000A0ZZFH2;0;20190208;133325;102.000000000;1
RU000A0ZZFH2;0;20190208;134137;102.000000000;1499
RU000A0ZZFH2;0;20190208;141024;102.000000000;15
RU000A0ZZFH2;0;20190208;141803;102.000000000;480
RU000A0ZZFH2;0;20190208;152226;101.950000000;68
RU000A0ZZFH2;0;20190208;152226;101.960000000;10
RU000A0ZZFH2;0;20190208;152226;101.980000000;100
RU000A0ZZFH2;0;20190208;152226;102.000000000;17
RU000A0ZZFH2;0;20190208;162244;102.000000000;1468
RU000A0ZZFH2;0;20190208;163943;102.000000000;1
RU000A0ZZFH2;0;20190208;164414;102.000000000;8
RU000A0ZZFH2;0;20190208;164523;102.000000000;4
RU000A0ZZFH2;0;20190208;165401;102.000000000;10
RU000A0ZZFH2;0;20190208;165528;102.000000000;1
RU000A0ZZFH2;0;20190208;174303;102.000000000;40
RU000A0ZZFH2;0;20190208;175245;102.000000000;38
RU000A0ZZFH2;0;20190208;180835;102.000000000;30
RU000A0ZZFH2;0;20190208;181028;101.960000000;1
RU000A0ZZFH2;0;20190208;182148;102.000000000;2
RU000A0ZZFH2;0;20190211;101011;101.920000000;2
RU000A0ZZFH2;0;20190211;101011;101.910000000;28
RU000A0ZZFH2;0;20190211;101141;101.910000000;10
RU000A0ZZFH2;0;20190211;101239;101.910000000;1
RU000A0ZZFH2;0;20190211;102916;101.980000000;2
RU000A0ZZFH2;0;20190211;102916;101.990000000;42
RU000A0ZZFH2;0;20190211;102916;102.000000000;934
RU000A0ZZFH2;0;20190211;111229;101.960000000;20
RU000A0ZZFH2;0;20190211;112713;101.970000000;39
RU000A0ZZFH2;0;20190211;120649;101.970000000;610
RU000A0ZZFH2;0;20190211;121916;101.920000000;10
RU000A0ZZFH2;0;20190211;122913;101.920000000;10
RU000A0ZZFH2;0;20190211;122927;101.910000000;19
RU000A0ZZFH2;0;20190211;124106;101.910000000;100
RU000A0ZZFH2;0;20190211;124929;101.960000000;1
RU000A0ZZFH2;0;20190211;134315;101.960000000;50
RU000A0ZZFH2;0;20190211;143751;101.920000000;20
RU000A0ZZFH2;0;20190211;143914;101.910000000;39
RU000A0ZZFH2;0;20190211;154637;101.960000000;3
RU000A0ZZFH2;0;20190211;164916;101.910000000;65
RU000A0ZZFH2;0;20190211;164926;101.910000000;30
RU000A0ZZFH2;0;20190211;164934;101.910000000;35
RU000A0ZZFH2;0;20190211;164942;101.910000000;23
RU000A0ZZFH2;0;20190211;164942;101.910000000;12
RU000A0ZZFH2;0;20190211;170555;101.960000000;147
RU000A0ZZFH2;0;20190211;170555;101.970000000;343
RU000A0ZZFH2;0;20190211;171612;101.910000000;1488
RU000A0ZZFH2;0;20190211;171612;101.910000000;2000
RU000A0ZZFH2;0;20190211;171612;101.910000000;182
RU000A0ZZFH2;0;20190211;171612;101.910000000;2517
RU000A0ZZFH2;0;20190211;171612;101.910000000;1
RU000A0ZZFH2;0;20190211;173140;101.970000000;3
RU000A0ZZFH2;0;20190211;181917;101.970000000;300
RU000A0ZZFH2;0;20190211;181918;101.970000000;39
RU000A0ZZFH2;0;20190212;101116;102.000000000;1
RU000A0ZZFH2;0;20190212;110230;101.990000000;9
RU000A0ZZFH2;0;20190212;112107;101.950000000;9
RU000A0ZZFH2;0;20190212;112107;101.900000000;22
RU000A0ZZFH2;0;20190212;114234;101.990000000;10
RU000A0ZZFH2;0;20190212;122909;101.990000000;21
RU000A0ZZFH2;0;20190212;122909;102.000000000;665
RU000A0ZZFH2;0;20190212;122909;102.000000000;1144
RU000A0ZZFH2;0;20190212;123612;102.000000000;60
RU000A0ZZFH2;0;20190212;123742;102.000000000;1
RU000A0ZZFH2;0;20190212;125815;102.000000000;2
RU000A0ZZFH2;0;20190212;130112;101.920000000;2
RU000A0ZZFH2;0;20190212;134631;101.920000000;10
RU000A0ZZFH2;0;20190212;135804;101.920000000;38
RU000A0ZZFH2;0;20190212;135916;101.990000000;2
RU000A0ZZFH2;0;20190212;135916;102.000000000;8
RU000A0ZZFH2;0;20190212;140105;101.930000000;100
RU000A0ZZFH2;0;20190212;140105;101.910000000;119
RU000A0ZZFH2;0;20190212;140105;101.910000000;100
RU000A0ZZFH2;0;20190212;140105;101.910000000;442
RU000A0ZZFH2;0;20190212;140105;101.900000000;478
RU000A0ZZFH2;0;20190212;140147;101.900000000;3
RU000A0ZZFH2;0;20190212;150201;101.900000000;9
RU000A0ZZFH2;0;20190212;150613;101.900000000;17
RU000A0ZZFH2;0;20190212;151139;101.900000000;50
RU000A0ZZFH2;0;20190212;153137;101.900000000;23
RU000A0ZZFH2;0;20190212;155459;101.900000000;2
RU000A0ZZFH2;0;20190212;155459;101.900000000;3
RU000A0ZZFH2;0;20190212;155500;101.900000000;24
RU000A0ZZFH2;0;20190212;155536;101.900000000;33
RU000A0ZZFH2;0;20190212;155536;101.900000000;41
RU000A0ZZFH2;0;20190212;155536;101.900000000;15
RU000A0ZZFH2;0;20190212;155603;101.900000000;56
RU000A0ZZFH2;0;20190212;155603;101.900000000;130
RU000A0ZZFH2;0;20190212;162030;101.900000000;2
RU000A0ZZFH2;0;20190212;164240;101.900000000;14
RU000A0ZZFH2;0;20190212;172345;101.900000000;1
RU000A0ZZFH2;0;20190212;174002;101.900000000;20
RU000A0ZZFH2;0;20190212;181637;101.900000000;600
RU000A0ZZFH2;0;20190212;184038;101.900000000;18
RU000A0ZZFH2;0;20190213;101417;101.900000000;3
RU000A0ZZFH2;0;20190213;102423;101.900000000;48
RU000A0ZZFH2;0;20190213;103654;101.900000000;70
RU000A0ZZFH2;0;20190213;104633;101.900000000;10
RU000A0ZZFH2;0;20190213;105923;101.900000000;40
RU000A0ZZFH2;0;20190213;110823;101.900000000;5
RU000A0ZZFH2;0;20190213;113048;101.900000000;4
RU000A0ZZFH2;0;20190213;113048;101.900000000;25
RU000A0ZZFH2;0;20190213;113048;101.900000000;97
RU000A0ZZFH2;0;20190213;115705;101.900000000;7
RU000A0ZZFH2;0;20190213;124620;101.890000000;44
RU000A0ZZFH2;0;20190213;125327;101.900000000;3
RU000A0ZZFH2;0;20190213;133751;101.900000000;50
RU000A0ZZFH2;0;20190213;140755;101.900000000;289
RU000A0ZZFH2;0;20190213;140755;101.990000000;691
RU000A0ZZFH2;0;20190213;141133;101.900000000;2
RU000A0ZZFH2;0;20190213;141133;101.900000000;80
RU000A0ZZFH2;0;20190213;141521;101.890000000;56
RU000A0ZZFH2;0;20190213;153226;101.870000000;20
RU000A0ZZFH2;0;20190213;153426;101.870000000;77
RU000A0ZZFH2;0;20190213;153445;101.870000000;3
RU000A0ZZFH2;0;20190213;153511;101.870000000;10
RU000A0ZZFH2;0;20190213;153851;101.860000000;2
RU000A0ZZFH2;0;20190213;153851;101.870000000;64
RU000A0ZZFH2;0;20190213;153928;101.870000000;34
RU000A0ZZFH2;0;20190213;155849;101.810000000;10
RU000A0ZZFH2;0;20190213;180819;101.870000000;31
RU000A0ZZFH2;0;20190213;184027;101.890000000;10
RU000A0ZZFH2;0;20190214;100304;101.800000000;1
RU000A0ZZFH2;0;20190214;100315;101.800000000;1
RU000A0ZZFH2;0;20190214;103918;101.790000000;2
RU000A0ZZFH2;0;20190214;104631;101.790000000;3
RU000A0ZZFH2;0;20190214;110728;101.510000000;2
RU000A0ZZFH2;0;20190214;110728;101.500000000;5
RU000A0ZZFH2;0;20190214;110728;101.000000000;71
RU000A0ZZFH2;0;20190214;110955;101.780000000;2
RU000A0ZZFH2;0;20190214;110955;101.790000000;138
RU000A0ZZFH2;0;20190214;110955;101.800000000;60
RU000A0ZZFH2;0;20190214;111113;101.800000000;200
RU000A0ZZFH2;0;20190214;111512;101.800000000;3
RU000A0ZZFH2;0;20190214;111702;101.800000000;200
RU000A0ZZFH2;0;20190214;111712;101.800000000;172
RU000A0ZZFH2;0;20190214;111754;101.800000000;120
RU000A0ZZFH2;0;20190214;112343;101.800000000;34
RU000A0ZZFH2;0;20190214;113117;101.800000000;5
RU000A0ZZFH2;0;20190214;121103;101.800000000;1
RU000A0ZZFH2;0;20190214;133740;101.750000000;25
RU000A0ZZFH2;0;20190214;133740;101.700000000;4861
RU000A0ZZFH2;0;20190214;134212;101.790000000;4
RU000A0ZZFH2;0;20190214;142840;101.790000000;26
RU000A0ZZFH2;0;20190214;142840;101.790000000;50
RU000A0ZZFH2;0;20190214;142840;101.700000000;536
RU000A0ZZFH2;0;20190214;144019;101.800000000;14
RU000A0ZZFH2;0;20190214;160115;101.800000000;100
RU000A0ZZFH2;0;20190214;164213;101.700000000;1
RU000A0ZZFH2;0;20190214;165329;101.700000000;400
RU000A0ZZFH2;0;20190214;165918;101.710000000;2
RU000A0ZZFH2;0;20190214;165918;101.700000000;48
RU000A0ZZFH2;0;20190214;170600;101.700000000;25
RU000A0ZZFH2;0;20190214;171045;101.700000000;100
RU000A0ZZFH2;0;20190214;174503;101.790000000;2
RU000A0ZZFH2;0;20190214;174503;101.800000000;941
RU000A0ZZFH2;0;20190214;174503;101.800000000;150
RU000A0ZZFH2;0;20190214;181215;101.810000000;2
RU000A0ZZFH2;0;20190214;181536;101.810000000;42
RU000A0ZZFH2;0;20190214;181536;101.940000000;42
RU000A0ZZFH2;0;20190214;181536;101.950000000;309
RU000A0ZZFH2;0;20190214;181804;101.950000000;51
RU000A0ZZFH2;0;20190214;181930;101.950000000;50
RU000A0ZZFH2;0;20190214;182415;101.990000000;2
RU000A0ZZFH2;0;20190214;182415;102.000000000;48
RU000A0ZZFH2;0;20190214;182437;101.950000000;71
RU000A0ZZFH2;0;20190214;183022;102.000000000;1455
RU000A0ZZFH2;0;20190215;100855;102.000000000;391
RU000A0ZZFH2;0;20190215;101436;102.000000000;38
RU000A0ZZFH2;0;20190215;102422;101.990000000;6
RU000A0ZZFH2;0;20190215;102452;101.970000000;1
RU000A0ZZFH2;0;20190215;102919;101.990000000;2
RU000A0ZZFH2;0;20190215;103300;101.960000000;5
RU000A0ZZFH2;0;20190215;103450;101.950000000;60
RU000A0ZZFH2;0;20190215;105615;101.960000000;3
RU000A0ZZFH2;0;20190215;105615;101.950000000;4997
RU000A0ZZFH2;0;20190215;110511;101.990000000;3
RU000A0ZZFH2;0;20190215;110511;102.000000000;118
RU000A0ZZFH2;0;20190215;110656;101.960000000;3
RU000A0ZZFH2;0;20190215;110656;101.950000000;8
RU000A0ZZFH2;0;20190215;110656;101.710000000;1
RU000A0ZZFH2;0;20190215;110656;101.700000000;50
RU000A0ZZFH2;0;20190215;113222;101.130000000;2
RU000A0ZZFH2;0;20190215;113426;101.690000000;3
RU000A0ZZFH2;0;20190215;113426;101.700000000;6
RU000A0ZZFH2;0;20190215;115135;101.690000000;2
RU000A0ZZFH2;0;20190215;120543;101.700000000;5
RU000A0ZZFH2;0;20190215;122908;101.700000000;77
RU000A0ZZFH2;0;20190215;132949;102.000000000;1
RU000A0ZZFH2;0;20190215;133628;101.630000000;6
RU000A0ZZFH2;0;20190215;133628;101.620000000;3
RU000A0ZZFH2;0;20190215;140230;101.990000000;5
RU000A0ZZFH2;0;20190215;140428;101.990000000;1
RU000A0ZZFH2;0;20190215;141037;101.630000000;5
RU000A0ZZFH2;0;20190215;141037;101.620000000;85
RU000A0ZZFH2;0;20190215;141228;101.640000000;1
RU000A0ZZFH2;0;20190215;141228;101.620000000;162
RU000A0ZZFH2;0;20190215;141228;101.610000000;22
RU000A0ZZFH2;0;20190215;141228;101.600000000;90
RU000A0ZZFH2;0;20190215;141244;101.600000000;30
RU000A0ZZFH2;0;20190215;141429;101.600000000;267
RU000A0ZZFH2;0;20190215;141520;101.600000000;20
RU000A0ZZFH2;0;20190215;151051;101.940000000;6
RU000A0ZZFH2;0;20190215;151051;101.950000000;37
RU000A0ZZFH2;0;20190215;151717;101.950000000;80
RU000A0ZZFH2;0;20190215;154951;101.950000000;10
RU000A0ZZFH2;0;20190215;161044;101.810000000;3
RU000A0ZZFH2;0;20190215;161135;101.800000000;47
RU000A0ZZFH2;0;20190215;173347;101.890000000;3
RU000A0ZZFH2;0;20190215;173347;101.900000000;50
RU000A0ZZFH2;0;20190215;173347;101.950000000;1873
RU000A0ZZFH2;0;20190215;173357;101.990000000;2
RU000A0ZZFH2;0;20190215;182215;101.990000000;1
RU000A0ZZFH2;0;20190215;182308;101.920000000;10
RU000A0ZZFH2;0;20190215;182730;101.610000000;6
RU000A0ZZFH2;0;20190215;182730;101.600000000;174
RU000A0ZZFH2;0;20190215;182804;101.600000000;6
RU000A0ZZFH2;0;20190215;182804;101.550000000;54
RU000A0ZZFH2;0;20190215;182936;101.590000000;5
RU000A0ZZFH2;0;20190215;182943;101.580000000;5
RU000A0ZZFH2;0;20190215;182957;101.560000000;4
RU000A0ZZFH2;0;20190215;183005;101.580000000;10
RU000A0ZZFH2;0;20190215;183040;101.570000000;15
RU000A0ZZFH2;0;20190215;183059;101.570000000;10
RU000A0ZZFH2;0;20190215;183117;101.560000000;1
RU000A0ZZFH2;0;20190215;183235;101.890000000;1
RU000A0ZZFH2;0;20190218;102118;101.990000000;2
RU000A0ZZFH2;0;20190218;120452;101.960000000;2
RU000A0ZZFH2;0;20190218;121231;101.960000000;1
RU000A0ZZFH2;0;20190218;122016;101.960000000;4
RU000A0ZZFH2;0;20190218;122016;101.970000000;9
RU000A0ZZFH2;0;20190218;124036;101.950000000;31
RU000A0ZZFH2;0;20190218;130537;101.970000000;190
RU000A0ZZFH2;0;20190218;130636;101.970000000;65
RU000A0ZZFH2;0;20190218;131031;101.970000000;185
RU000A0ZZFH2;0;20190218;131450;101.970000000;19
RU000A0ZZFH2;0;20190218;133622;101.910000000;3
RU000A0ZZFH2;0;20190218;141751;101.910000000;180
RU000A0ZZFH2;0;20190218;141751;101.960000000;10
RU000A0ZZFH2;0;20190218;141751;101.990000000;44
RU000A0ZZFH2;0;20190218;150713;101.990000000;3
RU000A0ZZFH2;0;20190218;150713;102.000000000;17
RU000A0ZZFH2;0;20190218;155437;101.920000000;3
RU000A0ZZFH2;0;20190218;155437;101.910000000;100
RU000A0ZZFH2;0;20190218;155437;101.900000000;5
RU000A0ZZFH2;0;20190218;172251;101.890000000;1
RU000A0ZZFH2;0;20190218;175726;101.890000000;2
RU000A0ZZFH2;0;20190218;180550;101.900000000;19
RU000A0ZZFH2;0;20190218;181345;101.900000000;391
RU000A0ZZFH2;0;20190218;182718;101.890000000;1
RU000A0ZZFH2;0;20190218;183101;101.900000000;380
RU000A0ZZFH2;0;20190219;100445;101.960000000;1
RU000A0ZZFH2;0;20190219;111512;101.960000000;9
RU000A0ZZFH2;0;20190219;111512;101.960000000;20
RU000A0ZZFH2;0;20190219;112859;101.960000000;28
RU000A0ZZFH2;0;20190219;112859;101.990000000;1
RU000A0ZZFH2;0;20190219;112859;102.000000000;37
RU000A0ZZFH2;0;20190219;113735;101.990000000;5
RU000A0ZZFH2;0;20190219;113735;102.000000000;53
RU000A0ZZFH2;0;20190219;114726;101.920000000;3
RU000A0ZZFH2;0;20190219;114726;101.910000000;1
RU000A0ZZFH2;0;20190219;114726;101.900000000;100
RU000A0ZZFH2;0;20190219;115613;101.870000000;10
RU000A0ZZFH2;0;20190219;120231;101.900000000;14
RU000A0ZZFH2;0;20190219;120534;101.890000000;3
RU000A0ZZFH2;0;20190219;120534;101.900000000;119
RU000A0ZZFH2;0;20190219;125023;101.880000000;50
RU000A0ZZFH2;0;20190219;131553;101.900000000;9
RU000A0ZZFH2;0;20190219;132331;101.900000000;98
RU000A0ZZFH2;0;20190219;133018;101.900000000;65
RU000A0ZZFH2;0;20190219;141656;101.990000000;50
RU000A0ZZFH2;0;20190219;150824;101.990000000;10
RU000A0ZZFH2;0;20190219;152326;101.980000000;39
RU000A0ZZFH2;0;20190219;152326;101.980000000;1
RU000A0ZZFH2;0;20190219;161447;101.960000000;3
RU000A0ZZFH2;0;20190219;161447;101.950000000;1
RU000A0ZZFH2;0;20190219;162210;101.940000000;1
RU000A0ZZFH2;0;20190219;162311;101.930000000;3
RU000A0ZZFH2;0;20190219;163027;101.930000000;12
RU000A0ZZFH2;0;20190219;163027;101.920000000;20
RU000A0ZZFH2;0;20190219;163027;101.920000000;1
RU000A0ZZFH2;0;20190219;163437;101.890000000;1
RU000A0ZZFH2;0;20190219;163437;101.880000000;15
RU000A0ZZFH2;0;20190219;165813;101.940000000;39
RU000A0ZZFH2;0;20190219;183413;101.940000000;61
RU000A0ZZFH2;0;20190219;183413;102.000000000;7659
RU000A0ZZFH2;0;20190220;101632;101.310000000;1
RU000A0ZZFH2;0;20190220;101632;101.300000000;18
RU000A0ZZFH2;0;20190220;101632;101.260000000;9
RU000A0ZZFH2;0;20190220;103121;101.510000000;2
RU000A0ZZFH2;0;20190220;103143;101.510000000;61
RU000A0ZZFH2;0;20190220;103154;101.510000000;117
RU000A0ZZFH2;0;20190220;125320;101.970000000;1
RU000A0ZZFH2;0;20190220;132649;101.980000000;15
RU000A0ZZFH2;0;20190220;132649;101.980000000;25
RU000A0ZZFH2;0;20190220;132649;101.980000000;25
RU000A0ZZFH2;0;20190220;134513;101.980000000;10
RU000A0ZZFH2;0;20190220;134634;101.960000000;9
RU000A0ZZFH2;0;20190220;143811;101.960000000;3
RU000A0ZZFH2;0;20190220;143811;101.960000000;1
RU000A0ZZFH2;0;20190220;144106;101.970000000;2
RU000A0ZZFH2;0;20190220;144619;101.970000000;2
RU000A0ZZFH2;0;20190220;150453;101.970000000;50
RU000A0ZZFH2;0;20190220;151737;101.970000000;43
RU000A0ZZFH2;0;20190220;151806;101.970000000;3
RU000A0ZZFH2;0;20190220;153651;101.960000000;19
RU000A0ZZFH2;0;20190220;160328;101.950000000;3
RU000A0ZZFH2;0;20190220;160328;101.950000000;37
RU000A0ZZFH2;0;20190220;181119;101.940000000;2
RU000A0ZZFH2;0;20190220;181119;101.950000000;6
RU000A0ZZFH2;0;20190221;103841;101.960000000;10
RU000A0ZZFH2;0;20190221;105829;101.950000000;69
RU000A0ZZFH2;0;20190221;110521;101.950000000;21
RU000A0ZZFH2;0;20190221;115949;101.900000000;50
RU000A0ZZFH2;0;20190221;120938;101.900000000;15
RU000A0ZZFH2;0;20190221;125941;101.950000000;50
RU000A0ZZFH2;0;20190221;151944;101.940000000;1
RU000A0ZZFH2;0;20190221;151944;101.950000000;3
RU000A0ZZFH2;0;20190221;151944;101.960000000;3
RU000A0ZZFH2;0;20190221;151944;101.970000000;490
RU000A0ZZFH2;0;20190221;151944;102.000000000;3653
RU000A0ZZFH2;0;20190221;160810;101.940000000;3
RU000A0ZZFH2;0;20190221;160810;101.930000000;4
RU000A0ZZFH2;0;20190221;160810;101.900000000;15
RU000A0ZZFH2;0;20190221;160810;101.870000000;78
RU000A0ZZFH2;0;20190221;174438;101.960000000;3
RU000A0ZZFH2;0;20190221;174438;101.970000000;15
RU000A0ZZFH2;0;20190221;174438;102.000000000;860
RU000A0ZZFH2;0;20190221;183627;102.000000000;10
RU000A0ZZFH2;0;20190222;101630;101.990000000;5
RU000A0ZZFH2;0;20190222;102431;101.990000000;5
RU000A0ZZFH2;0;20190222;102431;102.000000000;287
RU000A0ZZFH2;0;20190222;111534;101.960000000;10
RU000A0ZZFH2;0;20190222;113331;101.960000000;14
RU000A0ZZFH2;0;20190222;125817;101.990000000;24
RU000A0ZZFH2;0;20190222;125817;101.990000000;214
RU000A0ZZFH2;0;20190222;125817;101.990000000;200
RU000A0ZZFH2;0;20190222;125817;102.000000000;172
RU000A0ZZFH2;0;20190222;132324;101.960000000;6
RU000A0ZZFH2;0;20190222;134611;101.950000000;20
RU000A0ZZFH2;0;20190222;144333;101.990000000;1
RU000A0ZZFH2;0;20190222;152726;101.990000000;2
RU000A0ZZFH2;0;20190222;152726;102.000000000;93
RU000A0ZZFH2;0;20190222;152818;102.000000000;291
RU000A0ZZFH2;0;20190222;161028;101.950000000;1
RU000A0ZZFH2;0;20190222;161028;101.900000000;15
RU000A0ZZFH2;0;20190222;161117;101.990000000;10
RU000A0ZZFH2;0;20190222;161117;102.000000000;382
RU000A0ZZFH2;0;20190222;161207;102.000000000;4
RU000A0ZZFH2;0;20190222;161731;102.000000000;380
RU000A0ZZFH2;0;20190222;164201;101.910000000;1
RU000A0ZZFH2;0;20190222;170248;101.990000000;1
RU000A0ZZFH2;0;20190222;170248;102.000000000;24
RU000A0ZZFH2;0;20190222;173136;102.000000000;5
RU000A0ZZFH2;0;20190225;100633;101.950000000;1
RU000A0ZZFH2;0;20190225;110300;101.630000000;1
RU000A0ZZFH2;0;20190225;120252;101.940000000;1
RU000A0ZZFH2;0;20190225;140709;101.850000000;3
RU000A0ZZFH2;0;20190225;140709;101.840000000;7
RU000A0ZZFH2;0;20190225;153348;101.870000000;6
RU000A0ZZFH2;0;20190225;154106;101.850000000;293
RU000A0ZZFH2;0;20190225;154707;101.850000000;1
RU000A0ZZFH2;0;20190225;171536;101.940000000;3
RU000A0ZZFH2;0;20190225;171536;101.950000000;172
RU000A0ZZFH2;0;20190225;174503;101.940000000;14
RU000A0ZZFH2;0;20190225;181738;101.900000000;10
RU000A0ZZFH2;0;20190225;181738;101.900000000;143
RU000A0ZZFH2;0;20190225;181738;101.900000000;141
RU000A0ZZFH2;0;20190225;182814;101.950000000;49
RU000A0ZZFH2;0;20190225;182814;101.950000000;243
RU000A0ZZFH2;0;20190226;104620;101.990000000;10
RU000A0ZZFH2;0;20190226;104620;101.990000000;87
RU000A0ZZFH2;0;20190226;105830;101.990000000;13
RU000A0ZZFH2;0;20190226;105830;102.000000000;5
RU000A0ZZFH2;0;20190226;105830;102.000000000;14
RU000A0ZZFH2;0;20190226;160210;101.970000000;100
RU000A0ZZFH2;0;20190226;160210;102.000000000;485
RU000A0ZZFH2;0;20190226;160210;102.000000000;585
RU000A0ZZFH2;0;20190226;160210;102.000000000;731
RU000A0ZZFH2;0;20190226;171111;101.920000000;3
RU000A0ZZFH2;0;20190226;171153;101.910000000;17
RU000A0ZZFH2;0;20190226;173158;101.990000000;1
RU000A0ZZFH2;0;20190226;181218;101.990000000;2
RU000A0ZZFH2;0;20190226;181218;102.000000000;53
RU000A0ZZFH2;0;20190226;181935;101.910000000;100
RU000A0ZZFH2;0;20190227;110813;102.000000000;1
RU000A0ZZFH2;0;20190227;115101;101.990000000;50
RU000A0ZZFH2;0;20190227;122246;102.000000000;1513
RU000A0ZZFH2;0;20190227;130145;102.000000000;5
RU000A0ZZFH2;0;20190227;133238;102.000000000;10
RU000A0ZZFH2;0;20190227;145511;102.000000000;20
RU000A0ZZFH2;0;20190227;154216;102.000000000;5
RU000A0ZZFH2;0;20190227;160357;102.000000000;3
RU000A0ZZFH2;0;20190227;170759;102.000000000;2740
RU000A0ZZFH2;0;20190227;173000;102.000000000;10
RU000A0ZZFH2;0;20190227;174417;102.000000000;4
RU000A0ZZFH2;0;20190227;180027;102.000000000;1000
RU000A0ZZFH2;0;20190228;105329;102.000000000;164
RU000A0ZZFH2;0;20190228;121348;102.000000000;6440
RU000A0ZZFH2;0;20190228;122154;101.910000000;1
RU000A0ZZFH2;0;20190228;122432;101.990000000;1
RU000A0ZZFH2;0;20190228;122432;102.000000000;144
RU000A0ZZFH2;0;20190228;135142;102.000000000;19
RU000A0ZZFH2;0;20190228;140911;102.000000000;8
RU000A0ZZFH2;0;20190228;144033;102.000000000;47
RU000A0ZZFH2;0;20190228;144826;102.000000000;1
RU000A0ZZFH2;0;20190228;152045;102.000000000;824
RU000A0ZZFH2;0;20190228;154241;102.000000000;60
RU000A0ZZFH2;0;20190228;174504;101.920000000;40
RU000A0ZZFH2;0;20190228;181014;101.950000000;2
RU000A0ZZFH2;0;20190228;181050;101.950000000;1
RU000A0ZZFH2;0;20190228;181401;101.950000000;20
RU000A0ZZFH2;0;20190228;182432;101.950000000;1
RU000A0ZZFH2;0;20190228;183153;101.950000000;100
RU000A0ZZFH2;0;20190228;183153;102.000000000;183
RU000A0ZZFH2;0;20190228;183154;102.000000000;2110
RU000A0ZZFH2;0;20190301;105102;102.290000000;2
RU000A0ZZFH2;0;20190301;111115;102.300000000;3
RU000A0ZZFH2;0;20190301;111607;102.030000000;2
RU000A0ZZFH2;0;20190301;111607;102.030000000;1
RU000A0ZZFH2;0;20190301;111607;102.010000000;1
RU000A0ZZFH2;0;20190301;111607;102.010000000;1
RU000A0ZZFH2;0;20190301;111607;102.010000000;3
RU000A0ZZFH2;0;20190301;111607;102.010000000;38
RU000A0ZZFH2;0;20190301;111607;102.000000000;786
RU000A0ZZFH2;0;20190301;111607;102.000000000;15
RU000A0ZZFH2;0;20190301;112311;101.990000000;2
RU000A0ZZFH2;0;20190301;112311;102.000000000;386
RU000A0ZZFH2;0;20190301;114034;102.000000000;4
RU000A0ZZFH2;0;20190301;114628;101.950000000;2
RU000A0ZZFH2;0;20190301;114628;101.940000000;1
RU000A0ZZFH2;0;20190301;120058;101.940000000;5
RU000A0ZZFH2;0;20190301;120143;101.990000000;2
RU000A0ZZFH2;0;20190301;120143;102.000000000;88
RU000A0ZZFH2;0;20190301;130228;101.990000000;1
RU000A0ZZFH2;0;20190301;132641;101.990000000;86
RU000A0ZZFH2;0;20190301;142016;101.970000000;1
RU000A0ZZFH2;0;20190301;142223;101.950000000;1
RU000A0ZZFH2;0;20190301;143508;101.970000000;5
RU000A0ZZFH2;0;20190301;144046;101.970000000;94
RU000A0ZZFH2;0;20190301;144046;101.990000000;51
RU000A0ZZFH2;0;20190301;144046;102.000000000;51
RU000A0ZZFH2;0;20190301;151229;102.000000000;6625
RU000A0ZZFH2;0;20190301;161506;102.000000000;46
RU000A0ZZFH2;0;20190301;172233;102.000000000;395
RU000A0ZZFH2;0;20190301;172456;102.000000000;300
RU000A0ZZFH2;0;20190301;174941;102.000000000;5
RU000A0ZZFH2;0;20190301;180237;102.000000000;5
RU000A0ZZFH2;0;20190301;182139;102.000000000;1
RU000A0ZZFH2;0;20190304;100645;102.000000000;3
RU000A0ZZFH2;0;20190304;101250;101.990000000;10
RU000A0ZZFH2;0;20190304;101250;101.990000000;5
RU000A0ZZFH2;0;20190304;103152;101.860000000;2
RU000A0ZZFH2;0;20190304;110328;101.850000000;2
RU000A0ZZFH2;0;20190304;110328;101.650000000;190
RU000A0ZZFH2;0;20190304;110328;101.620000000;2
RU000A0ZZFH2;0;20190304;110328;101.520000000;204
RU000A0ZZFH2;0;20190304;111308;101.850000000;3
RU000A0ZZFH2;0;20190304;113817;101.850000000;97
RU000A0ZZFH2;0;20190304;124844;101.960000000;2
RU000A0ZZFH2;0;20190304;124844;101.970000000;204
RU000A0ZZFH2;0;20190304;124844;101.980000000;2
RU000A0ZZFH2;0;20190304;135022;101.980000000;486
RU000A0ZZFH2;0;20190304;135254;101.980000000;8
RU000A0ZZFH2;0;20190304;142535;101.980000000;51
RU000A0ZZFH2;0;20190304;142535;101.990000000;1
RU000A0ZZFH2;0;20190304;142535;101.990000000;3
RU000A0ZZFH2;0;20190304;142535;101.990000000;17
RU000A0ZZFH2;0;20190304;142535;101.990000000;4
RU000A0ZZFH2;0;20190304;142535;101.990000000;3
RU000A0ZZFH2;0;20190304;142535;101.990000000;2
RU000A0ZZFH2;0;20190304;142535;101.990000000;8
RU000A0ZZFH2;0;20190304;142535;101.990000000;3
RU000A0ZZFH2;0;20190304;142535;101.990000000;7
RU000A0ZZFH2;0;20190304;142535;101.990000000;7
RU000A0ZZFH2;0;20190304;142535;101.990000000;3
RU000A0ZZFH2;0;20190304;142535;101.990000000;23
RU000A0ZZFH2;0;20190304;142535;101.990000000;8
RU000A0ZZFH2;0;20190304;142535;101.990000000;3
RU000A0ZZFH2;0;20190304;142535;101.990000000;4
RU000A0ZZFH2;0;20190304;142535;101.990000000;2
RU000A0ZZFH2;0;20190304;142535;101.990000000;5
RU000A0ZZFH2;0;20190304;142535;101.990000000;8
RU000A0ZZFH2;0;20190304;142535;101.990000000;9
RU000A0ZZFH2;0;20190304;142535;101.990000000;6
RU000A0ZZFH2;0;20190304;142535;101.990000000;7
RU000A0ZZFH2;0;20190304;142535;101.990000000;66
RU000A0ZZFH2;0;20190304;142535;101.990000000;5
RU000A0ZZFH2;0;20190304;142535;101.990000000;10
RU000A0ZZFH2;0;20190304;142535;101.990000000;10
RU000A0ZZFH2;0;20190304;142535;101.990000000;7
RU000A0ZZFH2;0;20190304;142535;101.990000000;3
RU000A0ZZFH2;0;20190304;142535;101.990000000;3
RU000A0ZZFH2;0;20190304;142535;101.990000000;3
RU000A0ZZFH2;0;20190304;142535;101.990000000;7
RU000A0ZZFH2;0;20190304;142535;101.990000000;4
RU000A0ZZFH2;0;20190304;142535;101.990000000;2
RU000A0ZZFH2;0;20190304;142535;101.990000000;10
RU000A0ZZFH2;0;20190304;142535;101.990000000;3
RU000A0ZZFH2;0;20190304;142535;101.990000000;13
RU000A0ZZFH2;0;20190304;143941;101.900000000;3
RU000A0ZZFH2;0;20190304;143941;101.890000000;5
RU000A0ZZFH2;0;20190304;143941;101.860000000;1
RU000A0ZZFH2;0;20190304;143941;101.850000000;10
RU000A0ZZFH2;0;20190304;143941;101.800000000;4
RU000A0ZZFH2;0;20190304;143941;101.760000000;1
RU000A0ZZFH2;0;20190304;143941;101.750000000;24
RU000A0ZZFH2;0;20190304;144623;101.980000000;1
RU000A0ZZFH2;0;20190304;144623;101.980000000;1
RU000A0ZZFH2;0;20190304;144623;101.980000000;1
RU000A0ZZFH2;0;20190304;144623;101.990000000;47
RU000A0ZZFH2;0;20190304;144716;101.770000000;3
RU000A0ZZFH2;0;20190304;144716;101.760000000;1
RU000A0ZZFH2;0;20190304;144716;101.750000000;6
RU000A0ZZFH2;0;20190304;154524;101.970000000;2
RU000A0ZZFH2;0;20190304;163724;101.970000000;3
RU000A0ZZFH2;0;20190304;163736;101.980000000;1
RU000A0ZZFH2;0;20190304;171449;101.980000000;1
RU000A0ZZFH2;0;20190304;172121;101.990000000;1
RU000A0ZZFH2;0;20190304;174154;101.990000000;8
RU000A0ZZFH2;0;20190304;174154;101.990000000;2
RU000A0ZZFH2;0;20190304;174154;101.990000000;9
RU000A0ZZFH2;0;20190304;174154;101.990000000;4
RU000A0ZZFH2;0;20190304;174154;101.990000000;2
RU000A0ZZFH2;0;20190304;174154;101.990000000;4
RU000A0ZZFH2;0;20190304;174154;101.990000000;8
RU000A0ZZFH2;0;20190304;174333;101.990000000;1
RU000A0ZZFH2;0;20190304;174838;101.990000000;3
RU000A0ZZFH2;0;20190305;124525;101.800000000;2
RU000A0ZZFH2;0;20190305;131738;101.800000000;1461
RU000A0ZZFH2;0;20190305;133906;101.800000000;5
RU000A0ZZFH2;0;20190305;135811;101.850000000;482
RU000A0ZZFH2;0;20190305;140352;101.850000000;3
RU000A0ZZFH2;0;20190305;144130;101.790000000;2
RU000A0ZZFH2;0;20190305;144130;101.780000000;7
RU000A0ZZFH2;0;20190305;144130;101.760000000;1
RU000A0ZZFH2;0;20190305;144130;101.760000000;23
RU000A0ZZFH2;0;20190305;144130;101.760000000;20
RU000A0ZZFH2;0;20190305;144130;101.750000000;98
RU000A0ZZFH2;0;20190305;144130;101.750000000;102
RU000A0ZZFH2;0;20190305;144130;101.720000000;25
RU000A0ZZFH2;0;20190305;144130;101.560000000;400
RU000A0ZZFH2;0;20190305;144130;101.550000000;50
RU000A0ZZFH2;0;20190305;144130;101.540000000;1
RU000A0ZZFH2;0;20190305;144130;101.540000000;50
RU000A0ZZFH2;0;20190305;144130;101.460000000;1
RU000A0ZZFH2;0;20190305;144130;101.450000000;50
RU000A0ZZFH2;0;20190305;144130;101.450000000;20
RU000A0ZZFH2;0;20190305;144130;101.450000000;50
RU000A0ZZFH2;0;20190305;144328;101.450000000;297
RU000A0ZZFH2;0;20190305;144359;101.440000000;2
RU000A0ZZFH2;0;20190305;144435;101.450000000;28
RU000A0ZZFH2;0;20190305;144443;101.450000000;621
RU000A0ZZFH2;0;20190305;151348;101.600000000;1
RU000A0ZZFH2;0;20190305;155926;101.700000000;1
RU000A0ZZFH2;0;20190305;155948;101.800000000;50
RU000A0ZZFH2;0;20190305;155948;101.800000000;15
RU000A0ZZFH2;0;20190305;155948;101.800000000;273
RU000A0ZZFH2;0;20190305;160006;101.800000000;126
RU000A0ZZFH2;0;20190305;160826;101.800000000;2
RU000A0ZZFH2;0;20190305;183253;101.800000000;250
RU000A0ZZFH2;0;20190305;184026;101.800000000;10
RU000A0ZZFH2;0;20190305;184054;101.800000000;5
RU000A0ZZFH2;0;20190306;101514;101.510000000;2
RU000A0ZZFH2;0;20190306;111701;101.790000000;2
RU000A0ZZFH2;0;20190306;111701;101.800000000;12
RU000A0ZZFH2;0;20190306;124633;101.800000000;1
RU000A0ZZFH2;0;20190306;133708;101.800000000;70
RU000A0ZZFH2;0;20190306;135304;101.800000000;3
RU000A0ZZFH2;0;20190306;141420;101.800000000;10
RU000A0ZZFH2;0;20190306;141429;101.800000000;100
RU000A0ZZFH2;0;20190306;153019;101.800000000;1
RU000A0ZZFH2;0;20190306;160333;101.800000000;97
RU000A0ZZFH2;0;20190306;160755;101.800000000;11
RU000A0ZZFH2;0;20190306;161344;101.800000000;5
RU000A0ZZFH2;0;20190306;161356;101.780000000;2
RU000A0ZZFH2;0;20190306;161356;101.750000000;12
RU000A0ZZFH2;0;20190306;163951;101.800000000;7
RU000A0ZZFH2;0;20190306;170453;101.800000000;3
RU000A0ZZFH2;0;20190306;170453;101.800000000;2
RU000A0ZZFH2;0;20190306;170454;101.800000000;6
RU000A0ZZFH2;0;20190306;170454;101.800000000;5
RU000A0ZZFH2;0;20190306;170454;101.800000000;62
RU000A0ZZFH2;0;20190306;170454;101.800000000;23
RU000A0ZZFH2;0;20190306;170454;101.800000000;4
RU000A0ZZFH2;0;20190306;170454;101.800000000;6
RU000A0ZZFH2;0;20190306;170454;101.800000000;3
RU000A0ZZFH2;0;20190306;170454;101.800000000;3
RU000A0ZZFH2;0;20190306;170454;101.800000000;4
RU000A0ZZFH2;0;20190306;170454;101.800000000;2
RU000A0ZZFH2;0;20190306;170454;101.800000000;3
RU000A0ZZFH2;0;20190306;170454;101.800000000;1
RU000A0ZZFH2;0;20190306;170454;101.800000000;9
RU000A0ZZFH2;0;20190306;170454;101.800000000;1
RU000A0ZZFH2;0;20190306;170900;101.890000000;4
RU000A0ZZFH2;0;20190306;171006;101.890000000;13
RU000A0ZZFH2;0;20190306;171055;101.890000000;21
RU000A0ZZFH2;0;20190306;171710;101.890000000;159
RU000A0ZZFH2;0;20190306;171910;101.950000000;138
RU000A0ZZFH2;0;20190306;173540;101.890000000;114
RU000A0ZZFH2;0;20190306;174002;101.940000000;20
RU000A0ZZFH2;0;20190306;174002;101.950000000;369
RU000A0ZZFH2;0;20190306;180602;101.960000000;55
RU000A0ZZFH2;0;20190306;182734;102.000000000;2
RU000A0ZZFH2;0;20190306;183748;102.000000000;1
RU000A0ZZFH2;0;20190306;184241;101.950000000;30
RU000A0ZZFH2;0;20190307;102051;101.950000000;166
RU000A0ZZFH2;0;20190307;102051;101.650000000;180
RU000A0ZZFH2;0;20190307;102051;101.300000000;5
RU000A0ZZFH2;0;20190307;102051;101.160000000;48
RU000A0ZZFH2;0;20190307;102051;101.150000000;5
RU000A0ZZFH2;0;20190307;102051;101.150000000;96
RU000A0ZZFH2;0;20190307;103052;101.890000000;4
RU000A0ZZFH2;0;20190307;105048;101.890000000;1
RU000A0ZZFH2;0;20190307;114528;101.890000000;19
RU000A0ZZFH2;0;20190307;115340;101.950000000;70
RU000A0ZZFH2;0;20190307;120503;101.950000000;5
RU000A0ZZFH2;0;20190307;121059;101.950000000;200
RU000A0ZZFH2;0;20190307;131247;102.000000000;7
RU000A0ZZFH2;0;20190307;133237;102.000000000;5
RU000A0ZZFH2;0;20190307;133850;102.000000000;10
RU000A0ZZFH2;0;20190307;135140;102.000000000;388
RU000A0ZZFH2;0;20190307;140411;101.960000000;2
RU000A0ZZFH2;0;20190307;141754;101.990000000;15
RU000A0ZZFH2;0;20190307;141804;101.990000000;33
RU000A0ZZFH2;0;20190307;141804;102.000000000;67
RU000A0ZZFH2;0;20190307;142912;101.990000000;2
RU000A0ZZFH2;0;20190307;143609;101.990000000;198
RU000A0ZZFH2;0;20190307;144757;101.950000000;153
RU000A0ZZFH2;0;20190307;152512;101.950000000;10
RU000A0ZZFH2;0;20190307;161554;101.950000000;39
RU000A0ZZFH2;0;20190307;161554;102.000000000;23
RU000A0ZZFH2;0;20190307;174601;101.990000000;20
RU000A0ZZFH2;0;20190307;175220;102.000000000;1
RU000A0ZZFH2;0;20190307;175504;102.000000000;1
RU000A0ZZFH2;0;20190307;180114;102.000000000;100
RU000A0ZZFH2;0;20190307;183249;102.000000000;1
RU000A0ZZFH2;0;20190307;184232;101.950000000;1545
RU000A0ZZFH2;0;20190311;112721;101.950000000;1
RU000A0ZZFH2;0;20190311;112721;101.980000000;48
RU000A0ZZFH2;0;20190311;112721;101.990000000;1
RU000A0ZZFH2;0;20190311;112721;101.990000000;23
RU000A0ZZFH2;0;20190311;112721;101.990000000;2
RU000A0ZZFH2;0;20190311;113439;101.750000000;2
RU000A0ZZFH2;0;20190311;113439;101.750000000;10
RU000A0ZZFH2;0;20190311;115203;101.940000000;2
RU000A0ZZFH2;0;20190311;121355;101.950000000;3
RU000A0ZZFH2;0;20190311;150024;101.950000000;10
RU000A0ZZFH2;0;20190311;152017;101.950000000;50
RU000A0ZZFH2;0;20190311;154118;101.810000000;3
RU000A0ZZFH2;0;20190311;154118;101.800000000;10
RU000A0ZZFH2;0;20190311;154118;101.800000000;3
RU000A0ZZFH2;0;20190311;154203;101.800000000;49
RU000A0ZZFH2;0;20190311;155758;101.790000000;3
RU000A0ZZFH2;0;20190311;160258;101.790000000;1
RU000A0ZZFH2;0;20190311;160258;101.790000000;10
RU000A0ZZFH2;0;20190311;160258;101.770000000;2
RU000A0ZZFH2;0;20190311;160258;101.760000000;7
RU000A0ZZFH2;0;20190311;170810;101.800000000;27
RU000A0ZZFH2;0;20190311;181755;101.800000000;3
RU000A0ZZFH2;0;20190312;101432;101.800000000;5
RU000A0ZZFH2;0;20190312;110533;101.820000000;2
RU000A0ZZFH2;0;20190312;110533;101.810000000;3
RU000A0ZZFH2;0;20190312;112250;101.890000000;2
RU000A0ZZFH2;0;20190312;112250;101.900000000;4
RU000A0ZZFH2;0;20190312;124050;101.830000000;1
RU000A0ZZFH2;0;20190312;125416;101.900000000;44
RU000A0ZZFH2;0;20190312;125525;101.830000000;3
RU000A0ZZFH2;0;20190312;132639;101.890000000;19
RU000A0ZZFH2;0;20190312;133125;101.830000000;2
RU000A0ZZFH2;0;20190312;133319;101.890000000;19
RU000A0ZZFH2;0;20190312;162627;101.860000000;184
RU000A0ZZFH2;0;20190312;170014;101.840000000;2
RU000A0ZZFH2;0;20190312;175154;101.850000000;200
RU000A0ZZFH2;0;20190312;184237;101.850000000;109
RU000A0ZZFH2;0;20190313;100447;101.820000000;3
RU000A0ZZFH2;0;20190313;100447;101.810000000;2
RU000A0ZZFH2;0;20190313;100839;101.850000000;1
RU000A0ZZFH2;0;20190313;100957;101.850000000;80
RU000A0ZZFH2;0;20190313;102033;101.850000000;27
RU000A0ZZFH2;0;20190313;103029;101.840000000;3
RU000A0ZZFH2;0;20190313;104721;101.810000000;12
RU000A0ZZFH2;0;20190313;105418;101.850000000;41
RU000A0ZZFH2;0;20190313;114439;101.850000000;32
RU000A0ZZFH2;0;20190313;120744;101.850000000;70
RU000A0ZZFH2;0;20190313;124236;101.850000000;147
RU000A0ZZFH2;0;20190313;130452;101.850000000;45
RU000A0ZZFH2;0;20190313;132416;101.850000000;64
RU000A0ZZFH2;0;20190313;132416;101.850000000;96
RU000A0ZZFH2;0;20190313;140237;101.850000000;11
RU000A0ZZFH2;0;20190313;141655;101.850000000;18
RU000A0ZZFH2;0;20190313;152726;101.850000000;1
RU000A0ZZFH2;0;20190313;154421;101.850000000;12
RU000A0ZZFH2;0;20190313;155102;101.820000000;1
RU000A0ZZFH2;0;20190313;181430;101.850000000;4
RU000A0ZZFH2;0;20190313;183610;101.850000000;1
RU000A0ZZFH2;0;20190314;104112;101.850000000;1
RU000A0ZZFH2;0;20190314;123129;101.830000000;10
RU000A0ZZFH2;0;20190314;125601;101.830000000;2
RU000A0ZZFH2;0;20190314;131927;101.850000000;7
RU000A0ZZFH2;0;20190314;131927;101.850000000;1
RU000A0ZZFH2;0;20190314;131927;101.850000000;1
RU000A0ZZFH2;0;20190314;131927;101.850000000;2
RU000A0ZZFH2;0;20190314;131927;101.850000000;47
RU000A0ZZFH2;0;20190314;132043;101.810000000;5
RU000A0ZZFH2;0;20190314;135305;101.850000000;14
RU000A0ZZFH2;0;20190314;140240;101.850000000;200
RU000A0ZZFH2;0;20190314;140737;101.850000000;70
RU000A0ZZFH2;0;20190314;140737;101.940000000;10
RU000A0ZZFH2;0;20190314;140737;101.950000000;16
RU000A0ZZFH2;0;20190314;172033;101.940000000;10
RU000A0ZZFH2;0;20190314;172033;101.950000000;190
RU000A0ZZFH2;0;20190314;174248;101.950000000;4
RU000A0ZZFH2;0;20190314;181625;101.900000000;10
RU000A0ZZFH2;0;20190314;182115;101.950000000;3
RU000A0ZZFH2;0;20190314;182545;101.900000000;5
RU000A0ZZFH2;0;20190315;113234;101.970000000;5
RU000A0ZZFH2;0;20190315;114302;101.970000000;15
RU000A0ZZFH2;0;20190315;121200;101.990000000;2
RU000A0ZZFH2;0;20190315;121200;101.990000000;2
RU000A0ZZFH2;0;20190315;133027;101.990000000;5
RU000A0ZZFH2;0;20190315;142224;101.990000000;30
RU000A0ZZFH2;0;20190315;143211;101.990000000;100
RU000A0ZZFH2;0;20190315;153851;101.970000000;1
RU000A0ZZFH2;0;20190315;160649;101.970000000;4
RU000A0ZZFH2;0;20190315;160649;101.990000000;3
RU000A0ZZFH2;0;20190315;164412;101.910000000;2
RU000A0ZZFH2;0;20190315;164412;101.900000000;1
RU000A0ZZFH2;0;20190315;164412;101.900000000;3
RU000A0ZZFH2;0;20190315;164702;101.900000000;2
RU000A0ZZFH2;0;20190315;170001;101.890000000;5
RU000A0ZZFH2;0;20190315;172906;101.870000000;10
RU000A0ZZFH2;0;20190315;175004;101.890000000;4
RU000A0ZZFH2;0;20190315;175004;101.900000000;71
RU000A0ZZFH2;0;20190315;183556;101.900000000;1
RU000A0ZZFH2;0;20190318;112500;101.850000000;11
RU000A0ZZFH2;0;20190318;120812;101.850000000;2
RU000A0ZZFH2;0;20190318;122330;101.850000000;90
RU000A0ZZFH2;0;20190318;122702;101.850000000;90
RU000A0ZZFH2;0;20190318;132922;101.850000000;15
RU000A0ZZFH2;0;20190318;155917;101.850000000;5
RU000A0ZZFH2;0;20190318;163326;101.840000000;85
RU000A0ZZFH2;0;20190318;165146;101.840000000;28
RU000A0ZZFH2;0;20190318;165455;101.840000000;2
RU000A0ZZFH2;0;20190318;165455;101.850000000;68
RU000A0ZZFH2;0;20190318;165855;101.850000000;199
RU000A0ZZFH2;0;20190318;170348;101.830000000;10
RU000A0ZZFH2;0;20190318;170348;101.830000000;40
RU000A0ZZFH2;0;20190318;181823;101.830000000;1
RU000A0ZZFH2;0;20190319;101434;101.820000000;2
RU000A0ZZFH2;0;20190319;101434;101.810000000;3
RU000A0ZZFH2;0;20190319;102852;101.790000000;1
RU000A0ZZFH2;0;20190319;102913;101.780000000;1
RU000A0ZZFH2;0;20190319;103002;101.800000000;50
RU000A0ZZFH2;0;20190319;104527;101.800000000;500
RU000A0ZZFH2;0;20190319;105802;101.800000000;1
RU000A0ZZFH2;0;20190319;110100;101.800000000;1
RU000A0ZZFH2;0;20190319;111224;101.780000000;10
RU000A0ZZFH2;0;20190319;122517;101.780000000;2
RU000A0ZZFH2;0;20190319;122541;101.780000000;1
RU000A0ZZFH2;0;20190319;132412;101.780000000;10
RU000A0ZZFH2;0;20190319;134551;101.780000000;4
RU000A0ZZFH2;0;20190319;135808;101.780000000;1
RU000A0ZZFH2;0;20190319;135808;101.780000000;1
RU000A0ZZFH2;0;20190319;135809;101.780000000;1
RU000A0ZZFH2;0;20190319;135810;101.780000000;1
RU000A0ZZFH2;0;20190319;135810;101.780000000;1
RU000A0ZZFH2;0;20190319;135811;101.780000000;1
RU000A0ZZFH2;0;20190319;135811;101.780000000;1
RU000A0ZZFH2;0;20190319;135812;101.780000000;1
RU000A0ZZFH2;0;20190319;135812;101.780000000;1
RU000A0ZZFH2;0;20190319;135813;101.780000000;1
RU000A0ZZFH2;0;20190319;135813;101.780000000;1
RU000A0ZZFH2;0;20190319;135813;101.780000000;1
RU000A0ZZFH2;0;20190319;135814;101.780000000;1
RU000A0ZZFH2;0;20190319;135814;101.780000000;1
RU000A0ZZFH2;0;20190319;135815;101.780000000;1
RU000A0ZZFH2;0;20190319;135815;101.780000000;1
RU000A0ZZFH2;0;20190319;135816;101.780000000;1
RU000A0ZZFH2;0;20190319;135816;101.780000000;1
RU000A0ZZFH2;0;20190319;135817;101.780000000;1
RU000A0ZZFH2;0;20190319;135818;101.780000000;1
RU000A0ZZFH2;0;20190319;135818;101.780000000;1
RU000A0ZZFH2;0;20190319;135819;101.780000000;1
RU000A0ZZFH2;0;20190319;135820;101.780000000;1
RU000A0ZZFH2;0;20190319;135820;101.780000000;1
RU000A0ZZFH2;0;20190319;135821;101.780000000;1
RU000A0ZZFH2;0;20190319;135821;101.780000000;1
RU000A0ZZFH2;0;20190319;135822;101.780000000;1
RU000A0ZZFH2;0;20190319;135822;101.780000000;1
RU000A0ZZFH2;0;20190319;135823;101.780000000;1
RU000A0ZZFH2;0;20190319;135824;101.780000000;1
RU000A0ZZFH2;0;20190319;135824;101.780000000;1
RU000A0ZZFH2;0;20190319;135825;101.780000000;1
RU000A0ZZFH2;0;20190319;135825;101.780000000;1
RU000A0ZZFH2;0;20190319;135825;101.780000000;1
RU000A0ZZFH2;0;20190319;135826;101.780000000;1
RU000A0ZZFH2;0;20190319;135827;101.780000000;1
RU000A0ZZFH2;0;20190319;135827;101.780000000;1
RU000A0ZZFH2;0;20190319;135828;101.780000000;1
RU000A0ZZFH2;0;20190319;135828;101.780000000;1
RU000A0ZZFH2;0;20190319;135830;101.780000000;1
RU000A0ZZFH2;0;20190319;135830;101.780000000;1
RU000A0ZZFH2;0;20190319;135831;101.780000000;1
RU000A0ZZFH2;0;20190319;135832;101.780000000;1
RU000A0ZZFH2;0;20190319;135832;101.780000000;1
RU000A0ZZFH2;0;20190319;135832;101.780000000;1
RU000A0ZZFH2;0;20190319;135833;101.780000000;1
RU000A0ZZFH2;0;20190319;135833;101.780000000;1
RU000A0ZZFH2;0;20190319;135834;101.780000000;1
RU000A0ZZFH2;0;20190319;135834;101.780000000;1
RU000A0ZZFH2;0;20190319;135835;101.780000000;1
RU000A0ZZFH2;0;20190319;135838;101.780000000;1
RU000A0ZZFH2;0;20190319;135838;101.780000000;1
RU000A0ZZFH2;0;20190319;135839;101.780000000;1
RU000A0ZZFH2;0;20190319;135839;101.780000000;1
RU000A0ZZFH2;0;20190319;135840;101.780000000;1
RU000A0ZZFH2;0;20190319;135840;101.780000000;1
RU000A0ZZFH2;0;20190319;135841;101.780000000;1
RU000A0ZZFH2;0;20190319;135842;101.780000000;1
RU000A0ZZFH2;0;20190319;135842;101.780000000;1
RU000A0ZZFH2;0;20190319;135844;101.780000000;1
RU000A0ZZFH2;0;20190319;135844;101.780000000;1
RU000A0ZZFH2;0;20190319;135845;101.780000000;1
RU000A0ZZFH2;0;20190319;135846;101.780000000;1
RU000A0ZZFH2;0;20190319;141131;101.780000000;4
RU000A0ZZFH2;0;20190319;141131;101.800000000;297
RU000A0ZZFH2;0;20190319;141310;101.800000000;65
RU000A0ZZFH2;0;20190319;151159;101.800000000;1
RU000A0ZZFH2;0;20190319;152954;101.800000000;9
RU000A0ZZFH2;0;20190319;154258;101.750000000;9
RU000A0ZZFH2;0;20190319;163429;101.800000000;10
RU000A0ZZFH2;0;20190319;163954;101.800000000;2
RU000A0ZZFH2;0;20190319;164315;101.800000000;12
RU000A0ZZFH2;0;20190319;165427;101.800000000;3000
RU000A0ZZFH2;0;20190319;165606;101.800000000;29
RU000A0ZZFH2;0;20190319;170530;101.800000000;18
RU000A0ZZFH2;0;20190319;170530;101.850000000;520
RU000A0ZZFH2;0;20190319;170530;101.900000000;369
RU000A0ZZFH2;0;20190319;170530;101.940000000;50
RU000A0ZZFH2;0;20190319;170530;101.990000000;11
RU000A0ZZFH2;0;20190319;170530;101.990000000;85
RU000A0ZZFH2;0;20190319;170530;101.990000000;4
RU000A0ZZFH2;0;20190319;170530;101.990000000;9
RU000A0ZZFH2;0;20190319;170530;102.000000000;108
RU000A0ZZFH2;0;20190319;170530;102.000000000;20
RU000A0ZZFH2;0;20190319;170530;102.000000000;200
RU000A0ZZFH2;0;20190319;181410;102.000000000;20
RU000A0ZZFH2;0;20190319;183709;102.000000000;20
RU000A0ZZFH2;0;20190319;184213;102.050000000;20
RU000A0ZZFH2;0;20190319;184213;102.100000000;20
RU000A0ZZFH2;0;20190319;184213;102.150000000;77
RU000A0ZZFH2;0;20190320;095959;103.600000000;10
RU000A0ZZFH2;0;20190320;095959;103.600000000;17
RU000A0ZZFH2;0;20190320;095959;103.600000000;1
RU000A0ZZFH2;0;20190320;095959;103.600000000;25
RU000A0ZZFH2;0;20190320;095959;103.600000000;4
RU000A0ZZFH2;0;20190320;101854;102.800000000;19
RU000A0ZZFH2;0;20190320;102013;102.000000000;1
RU000A0ZZFH2;0;20190320;112258;102.240000000;1
RU000A0ZZFH2;0;20190320;112258;102.250000000;123
RU000A0ZZFH2;0;20190320;112258;102.700000000;45
RU000A0ZZFH2;0;20190320;112258;102.710000000;20
RU000A0ZZFH2;0;20190320;112258;102.730000000;40
RU000A0ZZFH2;0;20190320;120609;102.000000000;5
RU000A0ZZFH2;0;20190320;122942;102.640000000;5
RU000A0ZZFH2;0;20190320;122942;102.650000000;10
RU000A0ZZFH2;0;20190320;122942;102.650000000;33
RU000A0ZZFH2;0;20190320;134532;102.010000000;6
RU000A0ZZFH2;0;20190320;140055;102.010000000;33
RU000A0ZZFH2;0;20190320;141149;102.540000000;4
RU000A0ZZFH2;0;20190320;141149;102.540000000;5
RU000A0ZZFH2;0;20190320;142621;102.020000000;1
RU000A0ZZFH2;0;20190320;142832;102.480000000;2
RU000A0ZZFH2;0;20190320;142832;102.490000000;12
RU000A0ZZFH2;0;20190320;142930;102.470000000;1
RU000A0ZZFH2;0;20190320;142930;102.490000000;36
RU000A0ZZFH2;0;20190320;142930;102.520000000;10
RU000A0ZZFH2;0;20190320;142930;102.540000000;2
RU000A0ZZFH2;0;20190320;142930;102.550000000;28
RU000A0ZZFH2;0;20190320;142930;102.570000000;2
RU000A0ZZFH2;0;20190320;142930;102.580000000;2
RU000A0ZZFH2;0;20190320;142930;102.590000000;2
RU000A0ZZFH2;0;20190320;142930;102.600000000;40
RU000A0ZZFH2;0;20190320;142930;102.600000000;2
RU000A0ZZFH2;0;20190320;142930;102.610000000;2
RU000A0ZZFH2;0;20190320;142930;102.620000000;2
RU000A0ZZFH2;0;20190320;142930;102.630000000;48
RU000A0ZZFH2;0;20190320;142930;102.640000000;22
RU000A0ZZFH2;0;20190320;142930;102.650000000;65
RU000A0ZZFH2;0;20190320;142930;102.670000000;2
RU000A0ZZFH2;0;20190320;142930;102.690000000;50
RU000A0ZZFH2;0;20190320;142930;102.740000000;60
RU000A0ZZFH2;0;20190320;160827;102.030000000;6
RU000A0ZZFH2;0;20190320;160827;102.030000000;44
RU000A0ZZFH2;0;20190320;161128;102.680000000;1
RU000A0ZZFH2;0;20190320;162439;102.040000000;4
RU000A0ZZFH2;0;20190320;163050;102.040000000;24
RU000A0ZZFH2;0;20190320;164635;102.030000000;1
RU000A0ZZFH2;0;20190320;171238;102.020000000;10
RU000A0ZZFH2;0;20190320;172733;102.010000000;200
RU000A0ZZFH2;0;20190320;174542;102.030000000;1
RU000A0ZZFH2;0;20190320;175339;102.010000000;5
RU000A0ZZFH2;0;20190320;180216;102.010000000;25
RU000A0ZZFH2;0;20190320;182922;102.010000000;10
RU000A0ZZFH2;0;20190321;101159;102.020000000;2
RU000A0ZZFH2;0;20190321;101159;102.020000000;18
RU000A0ZZFH2;0;20190321;101634;102.050000000;10
RU000A0ZZFH2;0;20190321;102351;102.050000000;30
RU000A0ZZFH2;0;20190321;111635;102.620000000;8
RU000A0ZZFH2;0;20190321;111636;102.620000000;2
RU000A0ZZFH2;0;20190321;112339;102.620000000;10
RU000A0ZZFH2;0;20190321;123025;102.550000000;10
RU000A0ZZFH2;0;20190321;123130;102.590000000;15
RU000A0ZZFH2;0;20190321;123130;102.590000000;12
RU000A0ZZFH2;0;20190321;123213;102.590000000;16
RU000A0ZZFH2;0;20190321;124404;102.040000000;6
RU000A0ZZFH2;0;20190321;124405;102.030000000;1
RU000A0ZZFH2;0;20190321;142241;102.540000000;6
RU000A0ZZFH2;0;20190321;142241;102.550000000;10
RU000A0ZZFH2;0;20190321;145802;102.050000000;5
RU000A0ZZFH2;0;20190321;153801;102.060000000;1
RU000A0ZZFH2;0;20190321;154720;102.060000000;1
RU000A0ZZFH2;0;20190321;161251;102.050000000;6
RU000A0ZZFH2;0;20190321;161251;102.060000000;3
RU000A0ZZFH2;0;20190321;182921;102.340000000;5
RU000A0ZZFH2;0;20190322;111941;102.520000000;37
RU000A0ZZFH2;0;20190322;111941;102.530000000;93
RU000A0ZZFH2;0;20190322;160138;102.110000000;6
RU000A0ZZFH2;0;20190322;160138;102.100000000;5
RU000A0ZZFH2;0;20190322;160138;102.100000000;49
RU000A0ZZFH2;0;20190322;161622;102.440000000;6
RU000A0ZZFH2;0;20190322;161622;102.450000000;10
RU000A0ZZFH2;0;20190322;161622;102.480000000;10
RU000A0ZZFH2;0;20190322;161622;102.480000000;15
RU000A0ZZFH2;0;20190322;161622;102.500000000;15
RU000A0ZZFH2;0;20190322;161622;102.500000000;10
RU000A0ZZFH2;0;20190322;161622;102.530000000;43
RU000A0ZZFH2;0;20190322;163420;102.110000000;3
RU000A0ZZFH2;0;20190322;163420;102.100000000;1
RU000A0ZZFH2;0;20190322;163420;102.050000000;60
RU000A0ZZFH2;0;20190322;163435;102.050000000;3
RU000A0ZZFH2;0;20190322;163435;102.040000000;40
RU000A0ZZFH2;0;20190322;170241;102.390000000;1
RU000A0ZZFH2;0;20190322;170423;102.390000000;1
RU000A0ZZFH2;0;20190325;101308;102.380000000;4
RU000A0ZZFH2;0;20190325;101308;102.380000000;22
RU000A0ZZFH2;0;20190325;101308;102.390000000;9
RU000A0ZZFH2;0;20190325;101308;102.480000000;50
RU000A0ZZFH2;0;20190325;101308;102.490000000;15
RU000A0ZZFH2;0;20190325;110112;102.450000000;10
RU000A0ZZFH2;0;20190325;171301;102.350000000;230
RU000A0ZZFH2;0;20190325;172024;102.380000000;10
RU000A0ZZFH2;0;20190325;174528;102.360000000;4
RU000A0ZZFH2;0;20190325;174552;102.350000000;1
RU000A0ZZFH2;0;20190325;180218;102.380000000;2
RU000A0ZZFH2;0;20190325;184022;102.350000000;5
RU000A0ZZFH2;0;20190325;184154;102.350000000;5
RU000A0ZZFH2;0;20190326;102756;102.350000000;900
RU000A0ZZFH2;0;20190326;110314;102.350000000;39
RU000A0ZZFH2;0;20190326;110618;102.360000000;2
RU000A0ZZFH2;0;20190326;110618;102.350000000;46
RU000A0ZZFH2;0;20190326;112610;102.350000000;2632
RU000A0ZZFH2;0;20190326;123804;102.390000000;4
RU000A0ZZFH2;0;20190326;151451;102.010000000;8
RU000A0ZZFH2;0;20190326;151451;102.000000000;6
RU000A0ZZFH2;0;20190326;151753;101.900000000;121
RU000A0ZZFH2;0;20190326;160933;102.320000000;5
RU000A0ZZFH2;0;20190326;161245;102.320000000;3
RU000A0ZZFH2;0;20190326;161245;102.320000000;37
RU000A0ZZFH2;0;20190326;161717;102.320000000;4
RU000A0ZZFH2;0;20190326;171155;102.300000000;4
RU000A0ZZFH2;0;20190326;182026;102.200000000;2
RU000A0ZZFH2;0;20190327;101027;101.910000000;4
RU000A0ZZFH2;0;20190327;101850;102.290000000;1
RU000A0ZZFH2;0;20190327;101850;102.300000000;3
RU000A0ZZFH2;0;20190327;101850;102.300000000;1
RU000A0ZZFH2;0;20190327;101850;102.300000000;2
RU000A0ZZFH2;0;20190327;101850;102.300000000;7
RU000A0ZZFH2;0;20190327;101850;102.300000000;7
RU000A0ZZFH2;0;20190327;101850;102.300000000;1
RU000A0ZZFH2;0;20190327;101850;102.300000000;1
RU000A0ZZFH2;0;20190327;101850;102.300000000;5
RU000A0ZZFH2;0;20190327;101850;102.300000000;1
RU000A0ZZFH2;0;20190327;101850;102.300000000;71
RU000A0ZZFH2;0;20190327;114851;102.010000000;1
RU000A0ZZFH2;0;20190327;114903;102.000000000;2
RU000A0ZZFH2;0;20190327;131734;102.240000000;1
RU000A0ZZFH2;0;20190327;134428;102.240000000;3
RU000A0ZZFH2;0;20190327;134428;102.250000000;17
RU000A0ZZFH2;0;20190327;154649;102.240000000;4
RU000A0ZZFH2;0;20190327;155112;102.240000000;6
RU000A0ZZFH2;0;20190327;155112;102.250000000;9
RU000A0ZZFH2;0;20190327;175618;102.200000000;4
RU000A0ZZFH2;0;20190327;180149;102.200000000;4
RU000A0ZZFH2;0;20190327;180149;102.250000000;6
RU000A0ZZFH2;0;20190327;181009;102.250000000;4
RU000A0ZZFH2;0;20190327;181252;102.250000000;2
RU000A0ZZFH2;0;20190328;102443;102.000000000;96
RU000A0ZZFH2;0;20190328;103627;101.990000000;49
RU000A0ZZFH2;0;20190328;103627;102.000000000;815
RU000A0ZZFH2;0;20190328;122515;102.010000000;4
RU000A0ZZFH2;0;20190328;122525;102.000000000;13
RU000A0ZZFH2;0;20190328;122535;101.920000000;5
RU000A0ZZFH2;0;20190328;122554;101.910000000;3
RU000A0ZZFH2;0;20190328;144056;102.230000000;9
RU000A0ZZFH2;0;20190328;144056;102.240000000;2
RU000A0ZZFH2;0;20190328;144056;102.250000000;489
RU000A0ZZFH2;0;20190328;144457;102.250000000;2
RU000A0ZZFH2;0;20190328;144647;102.250000000;9
RU000A0ZZFH2;0;20190328;144845;102.250000000;14
RU000A0ZZFH2;0;20190328;144848;102.250000000;10
RU000A0ZZFH2;0;20190328;152919;102.110000000;3
RU000A0ZZFH2;0;20190328;152919;102.100000000;52
RU000A0ZZFH2;0;20190328;181308;102.200000000;9
RU000A0ZZFH2;0;20190328;181308;102.250000000;125
RU000A0ZZFH2;0;20190328;181308;102.250000000;163
RU000A0ZZFH2;0;20190329;102401;101.860000000;2
RU000A0ZZFH2;0;20190329;102401;101.860000000;18
RU000A0ZZFH2;0;20190329;102540;101.870000000;15
RU000A0ZZFH2;0;20190329;115215;102.190000000;3
RU000A0ZZFH2;0;20190329;115215;102.200000000;50
RU000A0ZZFH2;0;20190329;115215;102.250000000;29
RU000A0ZZFH2;0;20190329;123826;102.250000000;1
RU000A0ZZFH2;0;20190329;134019;102.250000000;7
RU000A0ZZFH2;0;20190329;141950;102.250000000;5
RU000A0ZZFH2;0;20190329;161115;102.200000000;1
RU000A0ZZFH2;0;20190329;161115;102.200000000;1
RU000A0ZZFH2;0;20190329;161115;102.200000000;1
RU000A0ZZFH2;0;20190329;161115;102.200000000;1
RU000A0ZZFH2;0;20190329;161115;102.200000000;1
RU000A0ZZFH2;0;20190329;161115;102.200000000;1
RU000A0ZZFH2;0;20190329;161115;102.200000000;1
RU000A0ZZFH2;0;20190329;161232;102.200000000;1
RU000A0ZZFH2;0;20190329;161953;102.200000000;9
RU000A0ZZFH2;0;20190329;161953;102.200000000;4
RU000A0ZZFH2;0;20190329;161953;102.200000000;3
RU000A0ZZFH2;0;20190329;161953;102.200000000;2
RU000A0ZZFH2;0;20190329;161953;102.200000000;7
RU000A0ZZFH2;0;20190329;161953;102.200000000;1
RU000A0ZZFH2;0;20190329;161953;102.200000000;4
RU000A0ZZFH2;0;20190329;161953;102.200000000;1
RU000A0ZZFH2;0;20190329;161953;102.200000000;7
RU000A0ZZFH2;0;20190329;161953;102.200000000;1
RU000A0ZZFH2;0;20190329;161953;102.200000000;2
RU000A0ZZFH2;0;20190329;161953;102.200000000;19
RU000A0ZZFH2;0;20190329;161953;102.200000000;1
RU000A0ZZFH2;0;20190329;161953;102.200000000;9
RU000A0ZZFH2;0;20190329;161953;102.200000000;2
RU000A0ZZFH2;0;20190329;161953;102.200000000;1
RU000A0ZZFH2;0;20190329;161953;102.200000000;1
RU000A0ZZFH2;0;20190329;161953;102.200000000;19
RU000A0ZZFH2;0;20190329;161953;102.200000000;4
RU000A0ZZFH2;0;20190329;161953;102.200000000;3
RU000A0ZZFH2;0;20190329;161953;102.200000000;185
RU000A0ZZFH2;0;20190329;161953;102.200000000;14
RU000A0ZZFH2;0;20190329;161953;102.200000000;76
RU000A0ZZFH2;0;20190329;161953;102.200000000;69
RU000A0ZZFH2;0;20190329;161953;102.200000000;9
RU000A0ZZFH2;0;20190329;161953;102.200000000;3
RU000A0ZZFH2;0;20190329;161953;102.200000000;4
RU000A0ZZFH2;0;20190329;161953;102.200000000;6
RU000A0ZZFH2;0;20190329;161953;102.200000000;26
RU000A0ZZFH2;0;20190329;161953;102.200000000;27
RU000A0ZZFH2;0;20190329;161953;102.200000000;23
RU000A0ZZFH2;0;20190329;161953;102.200000000;107
RU000A0ZZFH2;0;20190329;161953;102.200000000;5
RU000A0ZZFH2;0;20190329;161953;102.200000000;4
RU000A0ZZFH2;0;20190329;161953;102.200000000;3
RU000A0ZZFH2;0;20190329;161953;102.200000000;33
RU000A0ZZFH2;0;20190329;161953;102.200000000;13
RU000A0ZZFH2;0;20190329;161953;102.200000000;4
RU000A0ZZFH2;0;20190329;161953;102.200000000;12
RU000A0ZZFH2;0;20190329;161953;102.200000000;5
RU000A0ZZFH2;0;20190329;161953;102.200000000;6
RU000A0ZZFH2;0;20190329;161953;102.200000000;5
RU000A0ZZFH2;0;20190329;161953;102.200000000;15
RU000A0ZZFH2;0;20190329;161953;102.200000000;4
RU000A0ZZFH2;0;20190329;161953;102.200000000;3
RU000A0ZZFH2;0;20190329;161953;102.200000000;14
RU000A0ZZFH2;0;20190329;161953;102.200000000;4
RU000A0ZZFH2;0;20190329;161953;102.200000000;16
RU000A0ZZFH2;0;20190329;161953;102.200000000;4
RU000A0ZZFH2;0;20190329;161953;102.200000000;7
RU000A0ZZFH2;0;20190329;161953;102.200000000;3
RU000A0ZZFH2;0;20190329;161953;102.200000000;4
RU000A0ZZFH2;0;20190329;161953;102.200000000;9
RU000A0ZZFH2;0;20190329;161953;102.200000000;3
RU000A0ZZFH2;0;20190329;161953;102.200000000;3
RU000A0ZZFH2;0;20190329;161953;102.200000000;4
RU000A0ZZFH2;0;20190329;161953;102.200000000;4
RU000A0ZZFH2;0;20190329;161953;102.200000000;10
RU000A0ZZFH2;0;20190329;161953;102.200000000;4
RU000A0ZZFH2;0;20190329;161953;102.200000000;7
RU000A0ZZFH2;0;20190329;161953;102.200000000;4
RU000A0ZZFH2;0;20190329;161953;102.200000000;5
RU000A0ZZFH2;0;20190329;161953;102.200000000;12
RU000A0ZZFH2;0;20190329;161953;102.200000000;3
RU000A0ZZFH2;0;20190329;161953;102.200000000;5
RU000A0ZZFH2;0;20190329;161953;102.200000000;6
RU000A0ZZFH2;0;20190329;161953;102.200000000;6
RU000A0ZZFH2;0;20190329;161953;102.200000000;3
RU000A0ZZFH2;0;20190329;161953;102.200000000;7
RU000A0ZZFH2;0;20190329;161953;102.200000000;6
RU000A0ZZFH2;0;20190329;161953;102.200000000;10
RU000A0ZZFH2;0;20190329;161953;102.200000000;11
RU000A0ZZFH2;0;20190329;161953;102.200000000;10
RU000A0ZZFH2;0;20190329;161953;102.200000000;4
RU000A0ZZFH2;0;20190329;161953;102.200000000;4
RU000A0ZZFH2;0;20190329;161953;102.200000000;7
RU000A0ZZFH2;0;20190329;161953;102.200000000;4
RU000A0ZZFH2;0;20190329;161953;102.200000000;4
RU000A0ZZFH2;0;20190329;161953;102.200000000;5
RU000A0ZZFH2;0;20190329;161953;102.200000000;2
RU000A0ZZFH2;0;20190329;161953;102.200000000;14
RU000A0ZZFH2;0;20190329;161953;102.200000000;4
RU000A0ZZFH2;0;20190329;161953;102.200000000;5
RU000A0ZZFH2;0;20190329;161953;102.200000000;3
RU000A0ZZFH2;0;20190329;161953;102.200000000;64
RU000A0ZZFH2;0;20190329;161953;102.200000000;3
RU000A0ZZFH2;0;20190329;161953;102.200000000;3
RU000A0ZZFH2;0;20190329;161953;102.200000000;3
RU000A0ZZFH2;0;20190329;161953;102.200000000;2
RU000A0ZZFH2;0;20190329;161953;102.200000000;4
RU000A0ZZFH2;0;20190329;161953;102.200000000;4
RU000A0ZZFH2;0;20190329;161953;102.200000000;4
RU000A0ZZFH2;0;20190329;161953;102.200000000;8
RU000A0ZZFH2;0;20190329;161953;102.200000000;4
RU000A0ZZFH2;0;20190329;161953;102.200000000;4
RU000A0ZZFH2;0;20190329;161953;102.200000000;4
RU000A0ZZFH2;0;20190329;161953;102.200000000;109
RU000A0ZZFH2;0;20190329;161953;102.200000000;5
RU000A0ZZFH2;0;20190329;161953;102.200000000;17
RU000A0ZZFH2;0;20190329;161953;102.200000000;11
RU000A0ZZFH2;0;20190329;161953;102.200000000;3
RU000A0ZZFH2;0;20190329;161953;102.200000000;25
RU000A0ZZFH2;0;20190329;161953;102.200000000;4
RU000A0ZZFH2;0;20190329;161953;102.200000000;4
RU000A0ZZFH2;0;20190329;161953;102.250000000;57
RU000A0ZZFH2;0;20190329;161953;102.290000000;5
RU000A0ZZFH2;0;20190329;161953;102.300000000;652
RU000A0ZZFH2;0;20190329;162715;102.300000000;1
RU000A0ZZFH2;0;20190329;162802;102.050000000;106
RU000A0ZZFH2;0;20190329;165448;102.300000000;20
RU000A0ZZFH2;0;20190329;180822;102.220000000;1
RU000A0ZZFH2;0;20190329;181147;102.300000000;3
RU000A0ZZFH2;0;20190329;181647;102.300000000;6
RU000A0ZZFH2;0;20190329;182518;102.300000000;60
RU000A0ZZFH2;0;20190401;112651;102.100000000;4
RU000A0ZZFH2;0;20190401;121509;102.100000000;5
RU000A0ZZFH2;0;20190401;122011;102.100000000;4
RU000A0ZZFH2;0;20190401;122239;102.000000000;1
RU000A0ZZFH2;0;20190401;134013;102.000000000;609
RU000A0ZZFH2;0;20190401;163526;102.190000000;5
RU000A0ZZFH2;0;20190401;173247;102.150000000;30
RU000A0ZZFH2;0;20190401;174255;102.140000000;100
RU000A0ZZFH2;0;20190402;103625;102.010000000;1
RU000A0ZZFH2;0;20190402;103625;102.000000000;50
RU000A0ZZFH2;0;20190402;103748;102.000000000;2
RU000A0ZZFH2;0;20190402;103857;102.000000000;7
RU000A0ZZFH2;0;20190402;104506;102.000000000;10
RU000A0ZZFH2;0;20190402;104530;102.000000000;400
RU000A0ZZFH2;0;20190402;111039;101.910000000;2
RU000A0ZZFH2;0;20190402;111139;101.900000000;30
RU000A0ZZFH2;0;20190402;113111;101.940000000;22
RU000A0ZZFH2;0;20190402;113256;101.950000000;20
RU000A0ZZFH2;0;20190402;113349;101.950000000;830
RU000A0ZZFH2;0;20190402;115035;101.950000000;2
RU000A0ZZFH2;0;20190402;125020;101.900000000;15
RU000A0ZZFH2;0;20190402;132045;101.900000000;7
RU000A0ZZFH2;0;20190402;132139;101.900000000;63
RU000A0ZZFH2;0;20190402;142448;101.900000000;1
RU000A0ZZFH2;0;20190402;144842;101.900000000;88
RU000A0ZZFH2;0;20190402;154432;101.870000000;5
RU000A0ZZFH2;0;20190402;155309;101.870000000;1
RU000A0ZZFH2;0;20190402;162150;101.900000000;5400
RU000A0ZZFH2;0;20190402;162608;101.900000000;56
RU000A0ZZFH2;0;20190402;174949;101.950000000;74
RU000A0ZZFH2;0;20190402;174949;102.000000000;870
RU000A0ZZFH2;0;20190402;180725;102.000000000;544
RU000A0ZZFH2;0;20190402;183157;102.000000000;1
RU000A0ZZFH2;0;20190403;103856;102.000000000;3
RU000A0ZZFH2;0;20190403;111648;101.990000000;1
RU000A0ZZFH2;0;20190403;124640;101.950000000;4
RU000A0ZZFH2;0;20190403;130600;101.950000000;16
RU000A0ZZFH2;0;20190403;130858;101.910000000;2
RU000A0ZZFH2;0;20190403;130858;101.900000000;95
RU000A0ZZFH2;0;20190403;131742;101.950000000;1
RU000A0ZZFH2;0;20190403;134339;101.940000000;20
RU000A0ZZFH2;0;20190403;153728;101.950000000;123
RU000A0ZZFH2;0;20190403;154831;102.000000000;3
RU000A0ZZFH2;0;20190403;154911;102.000000000;15
RU000A0ZZFH2;0;20190403;155440;102.000000000;482
RU000A0ZZFH2;0;20190403;160417;102.000000000;576
RU000A0ZZFH2;0;20190403;162152;101.920000000;4
RU000A0ZZFH2;0;20190403;162531;101.900000000;155
RU000A0ZZFH2;0;20190403;163357;101.900000000;11
RU000A0ZZFH2;0;20190403;163357;101.930000000;100
RU000A0ZZFH2;0;20190403;163357;101.940000000;100
RU000A0ZZFH2;0;20190403;163419;101.950000000;100
RU000A0ZZFH2;0;20190403;163419;101.960000000;75
RU000A0ZZFH2;0;20190403;163518;101.960000000;15
RU000A0ZZFH2;0;20190403;170438;101.840000000;2
RU000A0ZZFH2;0;20190403;170606;101.840000000;98
RU000A0ZZFH2;0;20190403;170606;101.850000000;110
RU000A0ZZFH2;0;20190403;170606;101.850000000;100
RU000A0ZZFH2;0;20190403;170606;102.000000000;528
RU000A0ZZFH2;0;20190403;173731;102.000000000;788
RU000A0ZZFH2;0;20190403;175443;101.840000000;3
RU000A0ZZFH2;0;20190403;180729;101.830000000;3
RU000A0ZZFH2;0;20190403;181638;101.840000000;96
RU000A0ZZFH2;0;20190404;101338;101.810000000;1
RU000A0ZZFH2;0;20190404;101338;101.800000000;58
RU000A0ZZFH2;0;20190404;103509;102.130000000;1
RU000A0ZZFH2;0;20190404;105701;102.140000000;15
RU000A0ZZFH2;0;20190404;105701;102.150000000;100
RU000A0ZZFH2;0;20190404;105701;102.330000000;100
RU000A0ZZFH2;0;20190404;105736;102.340000000;2
RU000A0ZZFH2;0;20190404;105736;102.350000000;24
RU000A0ZZFH2;0;20190404;110629;101.830000000;3
RU000A0ZZFH2;0;20190404;110629;101.830000000;3
RU000A0ZZFH2;0;20190404;113903;101.830000000;9
RU000A0ZZFH2;0;20190404;114445;101.830000000;28
RU000A0ZZFH2;0;20190404;122703;101.990000000;6
RU000A0ZZFH2;0;20190404;122744;102.000000000;4
RU000A0ZZFH2;0;20190404;125826;102.000000000;2
RU000A0ZZFH2;0;20190404;130002;102.180000000;8
RU000A0ZZFH2;0;20190404;141021;101.880000000;3
RU000A0ZZFH2;0;20190405;103629;102.190000000;3
RU000A0ZZFH2;0;20190405;103629;102.200000000;10
RU000A0ZZFH2;0;20190405;103629;102.250000000;18
RU000A0ZZFH2;0;20190405;103629;102.300000000;20
RU000A0ZZFH2;0;20190405;103629;102.300000000;40
RU000A0ZZFH2;0;20190405;103629;102.330000000;100
RU000A0ZZFH2;0;20190405;103629;102.350000000;42
RU000A0ZZFH2;0;20190405;114105;101.900000000;1
RU000A0ZZFH2;0;20190405;123938;102.290000000;1
RU000A0ZZFH2;0;20190405;123944;102.300000000;2
RU000A0ZZFH2;0;20190405;124002;102.340000000;28
RU000A0ZZFH2;0;20190405;124020;102.340000000;6
RU000A0ZZFH2;0;20190405;181815;102.340000000;6
RU000A0ZZFH2;0;20190405;182746;102.350000000;34
RU000A0ZZFH2;0;20190405;182819;102.530000000;50
RU000A0ZZFH2;0;20190405;182905;102.530000000;50
RU000A0ZZFH2;0;20190405;183415;102.530000000;55
RU000A0ZZFH2;0;20190405;183808;102.530000000;45
RU000A0ZZFH2;0;20190408;101613;101.970000000;1
RU000A0ZZFH2;0;20190408;101620;101.970000000;9
RU000A0ZZFH2;0;20190408;101631;101.960000000;61
RU000A0ZZFH2;0;20190408;101639;101.930000000;1
RU000A0ZZFH2;0;20190408;101657;101.910000000;3
RU000A0ZZFH2;0;20190408;102343;102.520000000;1
RU000A0ZZFH2;0;20190408;103525;101.920000000;1
RU000A0ZZFH2;0;20190408;103525;101.910000000;13
RU000A0ZZFH2;0;20190408;103525;101.890000000;1
RU000A0ZZFH2;0;20190408;103525;101.880000000;1
RU000A0ZZFH2;0;20190408;103525;101.870000000;1
RU000A0ZZFH2;0;20190408;103525;101.870000000;49
RU000A0ZZFH2;0;20190408;103525;101.860000000;30
RU000A0ZZFH2;0;20190408;103525;101.850000000;152
RU000A0ZZFH2;0;20190408;115059;101.990000000;6
RU000A0ZZFH2;0;20190408;125845;101.990000000;4
RU000A0ZZFH2;0;20190408;125845;102.000000000;9
RU000A0ZZFH2;0;20190408;125845;102.000000000;6
RU000A0ZZFH2;0;20190408;125845;102.000000000;22
RU000A0ZZFH2;0;20190408;125845;102.000000000;6
RU000A0ZZFH2;0;20190408;125845;102.000000000;5
RU000A0ZZFH2;0;20190408;125845;102.000000000;3
RU000A0ZZFH2;0;20190408;125845;102.000000000;11
RU000A0ZZFH2;0;20190408;125845;102.000000000;5
RU000A0ZZFH2;0;20190408;125845;102.000000000;10
RU000A0ZZFH2;0;20190408;125845;102.000000000;11
RU000A0ZZFH2;0;20190408;125845;102.000000000;5
RU000A0ZZFH2;0;20190408;125845;102.000000000;29
RU000A0ZZFH2;0;20190408;125845;102.000000000;4
RU000A0ZZFH2;0;20190408;125845;102.000000000;3
RU000A0ZZFH2;0;20190408;125845;102.000000000;6
RU000A0ZZFH2;0;20190408;125845;102.000000000;8
RU000A0ZZFH2;0;20190408;125845;102.000000000;10
RU000A0ZZFH2;0;20190408;125845;102.000000000;7
RU000A0ZZFH2;0;20190408;125846;102.000000000;10
RU000A0ZZFH2;0;20190408;125846;102.000000000;60
RU000A0ZZFH2;0;20190408;125846;102.000000000;13
